2642 4150
355 210 360 220 .
425 214 428 219 .
455 158 536 221 ‘Pars
555 156 693 221 secundo.
711 161 809 241 Caput
819 161 848 222 1.
1115 167 1154 227 56

145 263 243 326 ademi
259 266 428 333 constaret,
441 260 466 323 si
488 279 543 321 ovo
565 260 661 324 solium
674 306 683 334 ,
697 269 727 323 et
743 263 891 323 lacticinia
911 263 1152 328 concederentur.

131 349 266 426 Quoties
283 357 385 408 autem
408 345 584 407 abstinentia
608 347 839 426 quadragesimae
860 348 961 410 nostri
983 352 1155 412 auctoritate

129 436 241 495 soluta
260 433 336 505 luit,
351 439 446 491 certos
463 436 562 491 tumen
583 430 645 491 dies
659 432 908 511 prescripsimus,
924 434 1153 513 quibusintegru

144 518 332 584 abstinentie,
345 524 532 586 servaretur,
558 534 665 595 nempe
680 517 758 576 diem
773 518 925 587 cinerum,
945 517 1008 578 dies
1026 527 1154 597 quatuor

144 615 335 681 temporum,
349 601 466 679 vigilios
485 608 628 678 precepto
648 601 888 672 obeundas,dies
903 601 1023 680 majoris
1041 596 1154 664 hetdo·

131 689 239 750 -madae
251 686 269 748 d
282 687 436 747 Dominicis
453 685 630 751 Palmerune.
643 686 826 764 Quandoque
841 689 1041 771 recensuimus
1061 691 1151 749 etiam

131 784 238 836 .totam
265 770 481 832 hebdomadum
504 770 638 831 cinerum
658 791 667 829 ε
691 770 848 850 aliquando
876 772 964 832 etiem
990 773 1151 835 indiximus

128 858 355 921 ,abstinentium
373 856 456 916 seriis
471 856 573 926 sextis,
586 875 619 915 ac
634 856 774 931 sabbatis,
788 857 900 916 etiamsi
911 857 1029 917 facultas
1039 857 1055 919 i
1066 858 1151 919 nobis

128 943 252 1003 ¹tradito
264 942 347 1001 lactis
357 950 388 1000 et
397 956 521 999 ovorum
531 958 616 999 usum
629 939 725 1001 solium
734 942 988 1019 complecteretur.
998 942 1151 1005 Postremo

143 1046 212 1088 cana
225 1025 424 1086 conditionem
438 1042 553 1102 semper
564 1020 746 1095 addidimus,
759 1044 798 1086 ne
812 1024 918 1102 jejunii
931 1027 977 1086 lex
993 1029 1081 1089 unius
1097 1044 1150 1105 per

145 1115 228 1173 diem
244 1110 428 1177 comestionis
441 1111 503 1170 ullo
516 1110 604 1171 modo
615 1111 776 1172 violaretur
787 1153 796 1184 ,
808 1129 842 1173 ac
854 1129 893 1173 ne
907 1111 996 1172 simul
1005 1113 1036 1173 in
1048 1131 1148 1176 mensa

143 1213 249 1258 menes
259 1202 289 1256 et
305 1196 396 1275 pisces
407 1205 635 1274 apponerentur.

183 1283 266 1342 Dum
292 1282 437 1341 radonem
460 1281 550 1358 hujus
563 1282 684 1345 consilii
704 1283 797 1344 nostri
816 1282 894 1345 serio
919 1285 1147 1363 perpendimus,

141 1366 227 1429 lioud
244 1364 331 1442 plene
345 1367 570 1443 acquiescimus,
585 1366 624 1426 ob
647 1384 712 1427 eam
734 1368 961 1428 sollicitudinem
978 1387 1011 1429 sc
1031 1370 1148 1433 dubito·

143 1453 280 1518 tionem,
296 1467 333 1508 ne
344 1467 424 1509 csusa
437 1450 474 1510 oh
486 1450 629 1528 Episcopo
645 1451 702 1510 loci
724 1452 855 1528 prolato,
871 1470 958 1528 quem
978 1470 1030 1511 nos
1052 1454 1149 1531 legiti-

146 1531 642 1597 mumcrcdidimnsedsolvendom
661 1534 891 1612 quadragesimus
918 1533 1146 1610 abstinentiam,

144 1617 211 1695 ejus
227 1627 338 1677 noturae
349 1618 469 1680 sortasse
490 1635 552 1680 non
574 1620 633 1689 sit,
648 1637 715 1697 quie
729 1637 829 1679 veram
843 1627 873 1679 et
887 1629 1040 1697 urgentem
1054 1639 1148 1683 neces·

140 1704 443 1764 meatumconlineat.
466 1704 582 1782 Quippe
606 1704 680 1767 illud
705 1705 789 1765 nobis
815 1723 931 1783 semper
954 1714 1023 1765 ente
1047 1708 1147 1769 oculos

140 1789 326 1866 propositum
337 1786 511 1858 habuimus,
524 1799 558 1848 ut
571 1788 644 1849 nihil
655 1789 671 1848 d
683 1791 796 1849 ratione
806 1791 951 1864 alienum,
961 1790 1037 1851 nihil
1050 1793 1148 1853 incon·

139 1871 238 1939 sultd,
251 1891 282 1930 ac
294 1871 406 1933 temere
424 1872 572 1932 iaciamus.
588 1875 705 1933 licerent
715 1875 824 1952 peritcr
834 1876 934 1935 animo
943 1874 1037 1935 delixa
1051 1878 1149 1938 suncti

140 1955 294 2017 Bermorde'
305 1956 395 2015 verba
412 1956 446 2015 ed
462 1956 632 2027 Pontificem
647 1959 814 2037 Eupcoium
832 1960 911 2018 libro
927 1958 996 2018 sue
1014 1962 1147 2023 conside·

139 2040 255 2101 rodone
269 2061 295 2102 c.
309 2043 340 2101 la.
352 2040 463 2104 Facitis
477 2039 546 2118 doc,
566 2041 639 2121 quio
653 2045 773 2124 potestis
788 2066 799 2103 .-
812 2041 861 2104 sed
879 2043 980 2102 utrum
994 2041 1143 2118 dedentis,

138 2126 263 2207 questio
278 2134 338 2200 est,
352 2133 381 2185 et
396 2125 516 2205 pacando
529 2150 543 2185 s
554 2137 683 2187 ettamen
699 2128 788 2188 fidem
805 2128 995 2205 praestitimus
1008 2129 1060 2202 iis,
1078 2132 1145 2207 qui·

138 2210 196 2269 lius
212 2209 375 2287 procstondo
388 2209 500 2280 iuerat,
517 2213 664 2290 Episcopis
683 2213 790 2292 nempe
814 2214 956 2273 locorum.
978 2216 1044 2273 Non
1064 2216 1144 2276 enim

137 2294 198 2356 olio
210 2303 293 2371 pacto
303 2294 431 2354 exerceri
444 2305 540 2372 potest
555 2297 720 2357 sollicitudo
732 2298 924 2375 peculiarium
938 2298 1142 2371 Ecclesiarum‚

135 2396 172 2437 ao
190 2379 379 2453 diocesim,
405 2380 461 2437 nisi
482 2380 554 2442 tides
572 2380 714 2441 habeatur
734 2383 904 2461 Episcopis,
927 2380 943 2441 i
962 2385 1068 2459 quibus
1086 2387 1144 2448 illae

135 2463 393 2525 administrentur.
411 2463 467 2523 Sed
487 2465 518 2523 in
534 2476 701 2543 posterum,
721 2474 756 2525 ut
768 2468 972 2544 grauissimum
984 2466 1039 2527 hoc
1054 2488 1145 2547 nego·

136 2548 214 2606 tium
227 2546 338 2616 tutids,
353 2544 441 2623 quiam
461 2548 526 2607 fieri
546 2552 654 2628 possit,
667 2559 804 2628 geratur,
819 2550 975 2610 molestum
989 2552 1072 2612 vobis
1083 2571 1145 2614 noo

135 2630 193 2704 sil,
206 2632 341 2694 animum
352 2631 388 2689 iis
401 2632 567 2703 aduertere,
581 2653 646 2710 quoe
661 2634 844 2708 subjicimus.
1190 2712 1192 2716 Ι

176 2717 242 2782 Non
255 2715 398 2793 ignoretis
413 2716 450 2775 ab
463 2715 634 2779 luitoceatio
650 2719 705 2778 111
707 2759 715 2775 .
734 2717 944 2794 praedecessore
958 2725 1058 2800 nostro
1078 2739 1143 2802 cop.

137 2798 318 2873 Consilium,
339 2800 374 2862 de
395 2801 592 2875 observetioue
604 2802 810 2884 jejuniorum,
830 2803 908 2863 inter
932 2823 1029 2866 causes
1048 2807 1144 2889 legiti-

134 2885 342 2946 massula-endi
357 2884 593 2947 abstinentismi
613 2888 750 2948 carnibus
765 2886 872 2966 jejunii
891 2897 1023 2969 tempore
1040 2912 1144 2956 recen-

133 2967 195 3029 seri
214 2987 331 3040 serem,
344 2979 374 3029 et
387 2972 559 3032 existentem
570 2973 664 3051 reipsi
686 2973 890 3051 egritudinem
903 2997 912 3035 ι
927 2978 1092 3050 Pretereo,
1106 2978 1143 3044 de

133 3047 215 3128 illic,
232 3052 287 3133 poi
299 3053 334 3113 io
348 3053 592 3135 quadrupesimo,
615 3053 661 3117 uel
679 3057 713 3117 io
737 3054 808 3120 aliis
820 3057 948 3139 jejuniis
965 3058 1143 3127 solemnibus

131 3133 347 3220 inflectuntur,
364 3146 391 3200 et
402 3147 506 3218 petunt
520 3139 578 3202 sibi
591 3159 674 3200 esum
690 3142 826 3202 coritium
842 3140 991 3225 indulptri
1000 3190 1009 3217 ,
1022 3139 1142 3230 respou-

130 3217 253 3295 demus,
266 3221 348 3302 qudd
356 3266 364 3294 ,
379 3222 446 3282 caim
464 3242 523 3285 oon
542 3224 691 3306 subjaceat
711 3224 768 3307 lepi
780 3227 951 3301 necessitas,
965 3228 1141 3293 desiderium

132 3302 324 3381 a'nfimaorum
337 3349 346 3375 ,
360 3305 426 3366 caim
445 3326 551 3387 corpeus
564 3310 718 3371 necessitas
735 3310 842 3392 occipit,
856 3321 1029 3394 supportare
1041 3320 1143 3391 potes,

131 3397 163 3448 et
176 3388 275 3463 dedeo,
286 3400 324 3452 ut
340 3393 440 3472 triopus
458 3393 622 3473 periculum
639 3396 673 3456 io
686 3395 727 3457 eis
740 3396 871 3460 evitetur.
885 3401 966 3459 ldem
979 3405 1141 3458 statuerant

117 3474 229 3536 rnultd
248 3485 319 3555 onte
331 3477 537 3540 Innoeeotium
551 3482 616 3540 ΙΙΙ.
635 3492 733 3559 potres
753 3485 845 3560 octevi
865 3483 985 3544 concilii
1006 3478 1139 3540 Toletani

131 3573 200 3702 carp
211 3559 338 3704 ⁹⁰·q}⁰‘¹
350 3577 428 3624 anno
440 3564 497 3626 655
515 3565 693 3627 celebratum
703 3567 781 3627 luit:
799 3566 939 3647 Qicispuis
954 3560 1062 3691 pioque
1075 3563 1139 3623 iac-

197 3661 254 3702 mir.
305 3687 313 3706 .
969 3666 984 3702 s
