2642 4150
449 232 529 295 Pars
541 227 677 294 meantia.
692 232 789 313 Capiat
799 230 843 293 11.
1090 235 1104 296 l
1110 239 1148 299 aa

134 338 298 402 utilitatem
318 330 542 397 cccnsiustiaam
554 339 583 392 ct
601 331 853 394 sacratissimorum
872 332 1002 394 Petram
1026 334 1150 397 ueniunt

135 424 291 486 instituta.
309 419 347 480 Et
365 416 548 480 intoleranda
567 424 612 477 est
630 435 735 478 eorum
751 435 787 477 ex
801 416 849 477 his
867 415 1037 478 hominibus
1052 420 1149 500 impu·

136 510 239 570 dentis
265 506 327 565 sive
357 502 507 572 amentia,
530 501 605 578 qai,
628 498 695 561 ciam
717 519 779 562 non
809 499 952 561 modiin
979 502 1068 563 corde
1095 522 1149 564 sua

136 592 190 654 sed
206 591 298 652 etiam
318 589 413 667 palam
434 593 464 644 et
478 585 510 643 in
523 584 648 661 publicis
661 585 779 663 scriptis
794 584 895 645 dicant
911 603 973 645 raon
990 595 1034 646 cst
1045 589 1148 659 Deus,

137 676 266 736 audeant
285 681 384 731 tamen
404 668 615 755 jusjurandum
627 670 744 746 exigere
756 667 793 728 ab
803 667 839 728 iis
853 669 1150 749 amnibusqunssuas

133 761 170 821 in
183 767 276 819 sectas
289 756 436 833 deligunt.

178 844 248 904 ilaec
273 840 291 900 ia
312 840 399 900 nabis
417 835 574 896 constituta
593 833 717 895 suntad
743 835 868 897 sarlosas
887 846 918 900 et
940 839 1074 901 scelestas
1096 838 1149 900 lras

140 944 243 991 oannes
260 934 353 986 sectas
374 919 610 999 comprimendas
633 930 664 980 et
681 919 870 981 damnandas.
891 926 977 984 Nunc
1002 923 1075 987 acro
1098 942 1149 987 ve·

139 1020 251 1081 suam,
274 1006 455 1068 venerabiles
474 1006 607 1077 Fratres,
620 1001 755 1066 catholici
777 1006 972 1083 Pataiaralrae,
988 1010 1147 1083 Primates,

142 1092 381 1171 Archiopiscopi‚
401 1099 431 1150 et
447 1089 603 1166 Episcopi,
617 1105 736 1167 operam
756 1106 816 1148 non
833 1092 1015 1167 postulamus
1039 1093 1147 1165 modi,

142 1178 195 1237 scd
218 1179 305 1238 etiam
325 1175 501 1251 flagitamus.
523 1172 676 1233 Attendite
700 1172 803 1240 vobis,
823 1182 853 1233 ct
870 1177 1018 1236 'uniuerso
1041 1179 1147 1256 gregi,

143 1262 176 1321 in
198 1279 257 1340 quo
282 1276 334 1321 vos
355 1257 480 1336 Spiritus
496 1257 620 1316 Sanetus
638 1257 738 1334 posuit
753 1257 910 1335 Episcopus
929 1277 1032 1338 regere
1050 1263 1150 1323 Eccle-

143 1348 219 1407 siam
236 1347 303 1406 Dei.
330 1343 473 1405 lnvadent
494 1342 615 1420 quidem
632 1342 695 1419 lupi
721 1359 838 1419 rapaces
856 1343 888 1403 in
909 1362 981 1416 sos,
997 1364 1058 1406 uon
1081 1365 1150 1427 par-

142 1440 244 1492 centes
268 1429 373 1508 gregi:
397 1427 448 1488 sed
478 1427 571 1486 nolite
594 1434 727 1485 metuere
748 1469 757 1498 ,
782 1443 837 1485 nac
856 1428 1079 1489 laciteanimam
1098 1449 1149 1490 ae·

143 1523 239 1573 stram
254 1511 453 1591 pretiosiorem
468 1509 558 1587 quiam
577 1527 641 1570 vos.
656 1508 734 1569 lllud
748 1517 865 1580 tenete,
885 1510 903 1569 ia
922 1510 1006 1572 rolris
1025 1513 1149 1573 maxima

142 1615 181 1671 ex
197 1604 281 1676 parte
295 1596 420 1674 pendere
439 1592 597 1654 hominum
612 1593 697 1655 vobis
716 1594 941 1655 commissorum
956 1596 986 1654 in
999 1596 1151 1675 Religione

145 1690 177 1743 ct
189 1678 271 1742 recte
281 1681 362 1741 lactis
373 1680 564 1741 constantiam
578 1698 587 1737 r
603 1678 739 1755 quamvis
754 1680 834 1738 enim
850 1680 887 1739 iis
902 1680 1035 1740 vivamus
1047 1680 1150 1742 diebus

140 1765 198 1848 qai
214 1760 290 1826 maii
308 1771 400 1840 sunt,
425 1780 519 1841 coque
543 1771 676 1840 tempore
703 1780 764 1840 qun
794 1763 894 1841 plures
917 1782 978 1826 nora
1003 1765 1151 1825 stastinent

137 1868 251 1912 sarram
276 1846 442 1909 doctrinam
466 1867 475 1906 s
502 1846 644 1925 perdurat
661 1854 762 1908 tamen
778 1849 996 1925 permultorum
1014 1850 1148 1909 fidelium

140 1936 172 1993 in
199 1935 330 1992 Pastores
351 1948 419 1991 sans
440 1930 651 2002 observantia,
676 1949 749 2009 quos
778 1931 848 2008 jure
868 1934 1030 2009 suspiciunt
1056 1933 1148 1994 veluti

139 2018 251 2080 Christi
276 2017 427 2084 ministros
448 2023 478 2076 et
501 2014 717 2095 dispensatores
753 2015 963 2095 mysteriorum
984 2014 1057 2093 ejus.
1084 2019 1150 2077 Uti·

97 2134 107 2153 ι
138 2103 215 2165 mini
230 2102 320 2180 igitar
331 2102 476 2161 inovinm
494 2110 659 2161 vestrarum
672 2100 861 2161 commodum
883 2099 938 2160 hac
957 2101 1147 2172 auctoritato,

138 2204 230 2264 quam
255 2186 287 2245 in
312 2200 415 2244 aarum
439 2184 546 2244 animis
571 2184 731 2244 immortali
757 2185 811 2245 Dei
837 2184 981 2245 beneficio
1003 2185 1146 2259 retinetis.

136 2276 322 2347 cognoscant
335 2286 389 2346 per
402 2285 454 2329 vas
476 2269 671 2328 sectariorum
696 2269 796 2344 dolos,
819 2277 848 2328 et
869 2278 977 2346 quanta
998 2269 1149 2347 diligentia

137 2372 192 2414 eos
219 2369 383 2429 carumque
405 2352 648 2413 consuetudinem
682 2370 785 2414 cavere
813 2352 950 2414 debeant.
981 2354 1147 2425 llorreant,

137 2437 227 2496 rolris
250 2436 420 2513 auctoribus
444 2445 475 2496 et
499 2437 665 2514 magistris,
689 2455 811 2514 pravam
837 2455 941 2499 eostam
960 2438 1146 2507 doctrinam,

137 2521 194 2598 qui
221 2521 401 2580 sanctissima
434 2520 595 2598 Religionis
629 2529 739 2579 nostrae
770 2521 908 2597 mysteria
933 2528 963 2580 et
993 2521 1150 2600 purissima

136 2602 250 2663 Christi
274 2612 416 2682 praeopta
437 2604 579 2675 irrident,
600 2620 778 2678 omnemque
796 2602 956 2678 legitimam
973 2611 1149 2680 potestatem

135 2689 329 2765 impugnant.
348 2690 413 2754 Ac.
437 2698 471 2748 ut
496 2706 548 2747 ros
581 2689 681 2747 verbis
710 2688 895 2763 alloquamur
932 2687 1150 2763 praedecessoris

136 2772 237 2831 nostri
264 2769 525 2834 Cienaeatilell.
541 2773 573 2832 in
586 2791 637 2832 sua
658 2771 780 2849 epistola
801 2769 945 2847 encyclica
965 2771 1001 2830 ad
1024 2771 1151 2830 Patriac-

136 2853 212 2914 rlaas
227 2899 236 2930 ,
252 2856 413 2931 Primates,
432 2854 693 2935 drchicpiscopas,
718 2855 874 2934 Episcopus
887 2856 1038 2917 universas
1053 2854 1152 2915 Eccle-

135 2938 193 2997 sim
208 2936 381 3010 catholiam,
398 2939 456 2999 diei
472 2941 519 3000 ll.
533 2940 709 3018 septembris
720 2942 791 2999 anni
803 2939 909 3011 tras,
924 2937 1148 3023 deplanantur,

136 3019 274 3095 obtenu,
298 3020 473 3102 fortitudine
498 3022 628 3104 Spiritus
650 3026 794 3101 Datami,
811 3022 945 3105 jndicio,
970 3033 999 3086 ct
1022 3027 1146 3105 uirtute,

137 3122 204 3177 rae,
224 3113 379 3183 tortaquona
394 3124 481 3167 canes
494 3107 573 3167 matti
590 3127 652 3169 raon
673 3105 800 3169 scuritas
818 3107 952 3184 latrare,
979 3129 1077 3194 propes
1095 3131 1148 3173 na-

136 3196 219 3249 stros
236 3189 393 3271 patiamur
409 3189 478 3270 fieri
489 3191 521 3250 in
537 3192 700 3272 rapinam,
721 3201 749 3252 et
769 3211 835 3255 aces
854 3203 970 3257 raiostras
982 3197 1016 3256 in
1029 3196 1149 3258 deaura-

137 3273 250 3334 tionem
277 3274 408 3335 anrniunt
427 3272 585 3337 bestiarum
608 3279 685 3360 apri.
714 3279 815 3359 Neque
834 3298 887 3342 nos
913 3281 1074 3362 quidquam
1099 3279 1149 3339 de-

138 3364 267 3432 terreat,
291 3359 452 3438 qaorlairnts
476 3375 534 3441 pro
558 3362 616 3421 nei
632 3359 728 3442 pluria
751 3372 780 3423 et
797 3361 891 3424 salute
914 3365 1084 3424 annnorum
1109 3360 1149 3418 ad

137 3456 244 3500 orraaes
273 3438 477 3503 dimicationes
511 3446 701 3527 raosraetipsas
739 3446 921 3527 objiciamus.
954 3445 1148 3522 necopinum

136 3540 228 3598 mana,
254 3523 417 3603 quitatem
439 3528 622 3591 sustinuisti
644 3530 844 3611 precatoribus
868 3527 1007 3603 qdaersris
1047 3532 1148 3584 sartact-

137 3604 240 3685 a‘psam
251 3608 519 3675 contradictionem.
535 3613 619 3687 Qaadd
628 3616 656 3676 si
669 3614 912 3696 acquissimormn
928 3613 1080 3674 timeamus
1090 3627 1146 3671 aa·
1173 3692 1181 3706 θ
