2642 4150
446 195 957 299 matutinotanto·
1117 222 1156 285 tt

145 291 252 382 nautea
270 289 429 394 eontigerit
449 318 597 377 attentari.
620 315 688 380 Non
714 318 897 384 obstantibus
920 318 1099 401 praemissis,
1120 340 1155 382 ae

146 397 294 483 quatenits
311 418 387 479 epus
409 399 466 473 sit,
483 402 603 475 nestri,
617 410 649 464 et
667 404 855 466 Cancellarise
871 405 1038 485 apostolieae
1053 407 1155 485 reguli

145 485 274 564 dejure
297 486 422 565 quaesito
443 501 505 545 non
523 486 675 562 tollendo,
697 488 820 567 aliisque
844 489 1103 551 constitutionibus
1125 499 1156 550 et
1260 539 1267 548 .

145 570 384 634 ordinationibus
403 569 589 648 apostolicis,
611 589 666 632 nee
685 590 747 633 non
766 573 938 652 quibusvis,
959 574 1048 635 etiarn
1070 573 1155 652 jura·

145 664 268 731 mento,
289 652 514 716 confirmatione
535 652 715 731 apostolici,
733 658 781 718 vel
806 659 909 737 quivis
931 659 1074 720 firmitate
1096 659 1154 719 aliti

64 787 73 807 ,
144 741 309 815 roboratis,
330 739 449 799 statutis
468 747 498 798 et
520 740 801 813 consuetudinibus,
814 760 848 803 ne
870 742 972 803 usibus
993 749 1024 804 et
1046 744 1152 823 stylis,

144 826 234 886 etiam
262 822 570 895 immemorabilibus,
597 827 759 904 privilegiis
786 845 928 907 quoqne,
951 828 1096 902 indultis,
1123 840 1153 892 et

145 912 255 972 litteris
273 908 442 989 apostolieis
464 909 633 987 prodistis,
651 912 776 990 aliisque
792 913 974 990 quibuslibet
994 916 1151 993 personis

142 996 235 1055 etiam
256 994 441 1072 qudcumque
460 992 666 1071 eeclesiastico,
687 997 735 1056 vel
760 996 910 1058 mundani
931 997 1073 1076 dignitate
1093 1000 1153 1060 lul·

144 1079 306 1156 gentibus,
331 1087 362 1139 et
382 1077 452 1138 aliis
473 1078 696 1155 quomodolibet
719 1081 916 1164 qualificatis,
940 1099 974 1142 ae
996 1084 1153 1160 specialem

144 1163 361 1241 expressionem
383 1163 626 1241 requirentibus,
651 1166 707 1224 sub
731 1167 966 1245 quibuscumque
989 1168 1152 1228 verborum

144 1248 299 1307 tenoribus
314 1257 344 1307 et
359 1248 480 1318 formis,
497 1265 531 1307 ae
549 1266 617 1308 eum
631 1250 785 1326 quibusvis
796 1256 884 1311 etiam
898 1252 1151 1330 derogator-iarum

142 1330 339 1409 derogatoriis
349 1376 357 1403 ‚
367 1332 490 1410 aliisque
506 1332 735 1407 efficacioribus,
748 1333 971 1410 eiiieaeissimis,
986 1344 1017 1395 et
1027 1336 1151 1397 insolitis

142 1415 306 1485 elatasulis,
331 1415 595 1494 irritantibusque,
620 1425 652 1476 et
676 1417 740 1477 aliis
762 1418 907 1492 decretis,
929 1418 1019 1478 etiam
1041 1424 1149 1486 motu,

144 1498 272 1557 seientia
291 1506 320 1558 et
337 1501 481 1577 potestatis
499 1499 688 1578 plenitudine
709 1501 873 1573 similibus,
891 1519 926 1560 ae
944 1501 1167 1562 consistoriali·¹

144 1591 211 1660 ιιι,
226 1589 256 1642 ιι
268 1580 336 1642 aliis
353 1585 573 1663 quomodolibet
587 1585 619 1644 in
639 1585 822 1646 eontrarium
840 1586 1061 1664 praemissorum
1078 1601 1150 1646 eon·

141 1667 249 1740 cessis,
270 1668 373 1738 editis,
394 1670 497 1742 tactis,
519 1688 553 1729 ae
573 1670 685 1749 pluries
704 1671 837 1738 iteretis,
854 1680 884 1732 et
903 1670 1149 1751 quantiscumque

140 1751 257 1811 uicibus
271 1752 459 1831 approbatis,
476 1754 658 1816 confirmatis
671 1764 702 1816 et
716 1756 872 1817 innovatis
885 1756 999 1831 Quibus
1010 1755 1148 1817 omnibus

139 1844 172 1896 et
191 1837 335 1915 siugulis,
361 1837 476 1899 etiarnsi
497 1856 553 1917 pro
577 1840 699 1899 illorum
723 1840 877 1901 sufficienti
899 1840 1088 1918 derogatione
1109 1839 1148 1900 do

138 1919 219 1988 illis,
233 1938 396 2000 eorumque
419 1921 488 1982 tetis
505 1922 659 1984 tenoribus
679 1924 829 2001 specialis,
846 1924 997 2002 specifica,
1012 1940 1147 2001 expressa

137 2013 170 2065 et
188 2005 359 2079 indiuidua,
373 2025 407 2066 ae
426 2006 464 2066 de
480 2007 572 2068 verbe
591 2007 626 2068 nd
645 2009 791 2082 verbum,
812 2026 873 2068 non
892 2016 991 2067 autem
1008 2024 1060 2085 per
1072 2007 1147 2066 elau

136 2090 216 2149 sulas
236 2093 387 2168 generales
410 2091 489 2152 idem
511 2094 708 2171 importantes
730 2094 863 2164 mentio,
884 2111 935 2154 seu
956 2092 1068 2171 queuis
1090 2091 1146 2151 alia

135 2178 287 2253 expressio
306 2176 459 2251 habenda,
482 2187 533 2239 aut
552 2179 651 2257 aliqua
671 2179 727 2239 alia
748 2178 890 2256 exquisita
914 2178 1020 2238 forunav
1033 2177 1070 2236 ad
1090 2173 1146 2236 hoe

135 2261 281 2320 servanda
300 2261 395 2334 leret,
411 2271 528 2323 tenores
549 2261 742 2340 hujusmodi,
761 2282 795 2322 ne
815 2265 839 2323 si
859 2264 896 2324 de
917 2263 1008 2324 verbo
1026 2260 1061 2320 ad
1076 2279 1144 2323 ter·

135 2345 230 2417 laum,
247 2344 324 2406 nihil
344 2345 463 2425 penitius
485 2347 610 2417 omisso,
631 2355 660 2408 et
679 2348 774 2408 formai
793 2349 824 2408 in
843 2349 902 2409 illis
922 2347 1030 2408 traditi
1043 2347 1144 2407 obser·

133 2429 204 2488 rati
213 2430 482 2508 ,exprimet-entur,
490 2440 520 2491 ιι
530 2431 731 2491 insererentur
733 2433 945 2508 praesentibus
955 2450 1009 2510 pro
1018 2429 1105 2510 pleni
1114 2439 1145 2490 ιι

132 2513 1144 2612 ιιιιιιιιιιιιιιιιριιιιιιιιἰιιιιιιιιιιιιιιιιιιι,ιιιιιιιιίιιιιιιιιοιοιιοιι
1166 2558 1168 2563 .

132 2578 392 2676 permansuris‚ad
401 2599 618 2679 praemissorum
629 2592 768 2658 ellectum
779 2597 874 2657 hie
846 2616 909 2658 uree
918 2597 1068 2657 dumtaxat
1078 2611 1144 2674 spe·

132 2682 251 2742 cialiter
272 2691 303 2745 et
323 2682 457 2763 expresse
471 2683 646 2762 derogamus
659 2702 693 2743 ae
707 2681 880 2759 derogatum
902 2697 964 2741 esse
987 2680 1143 2757 volumus3

132 2766 309 2845 caeterisque
327 2767 483 2828 contrariis
498 2769 776 2846 quibuscumque«
763 2764 932 2826 «tetecum
949 2782 1002 2843 per
1015 2781 1144 2842 praesen·

130 2872 148 2904 a
172 2858 220 2911 tes
230 2869 290 2912 non
305 2849 488 2913 intendimus
499 2853 673 2933 derogatum
685 2869 747 2911 esse
761 2851 797 2911 iis
809 2849 1061 2921 concessionibus,
1077 2868 1143 2929 quse

129 2934 211 2994 aad
230 2935 358 2996 savorem
382 2954 637 3032 quarumcumque
658 2935 804 2996 nobilium
822 2935 1009 2996 toetninarum
1031 2952 1141 3010 exeo,

130 3040 148 3071 r
172 3016 331 3095 quodstve
348 3020 521 3082 earumdem
544 3020 686 3103 majores,
708 3037 741 3080 ue
763 3038 818 3100 pro
836 3026 968 3101 tempore
986 3021 1141 3082 existentes
1210 3034 1217 3047 ·

129 3103 213 3162 ¹ade
227 3104 360 3179 familia,
378 3096 490 3165 luxerint
511 3113 541 3165 et
558 3100 728 3165 habeantur
751 3104 938 3181 fundatores,
953 3105 1023 3166 vel
1014 3107 1141 3189 insignes

127 3213 144 3242 ι
169 3186 373 3250 benefactores
387 3190 467 3267 illius
477 3190 666 3264 monasterii,
679 3190 756 3249 intra
769 3190 853 3268 cujus
864 3192 988 3252 claustra
1000 3182 1048 3253 rel
1061 3199 1140 3268 septa

127 3296 144 3326 a
166 3272 306 3334 soeminas
325 3276 414 3349 etiarn
431 3274 469 3334 de
484 3274 594 3334 familia
608 3273 721 3352 ingredi
740 3277 786 3335 ιιι
805 3294 994 3350 eoncessum,
1012 3275 1060 3336 vel
1073 3290 1141 3333 eau-
1239 3286 1242 3294 ·

126 3381 143 3410 s
168 3366 237 3418 tum
250 3376 312 3420 esse
328 3346 384 3420 sibi
398 3359 574 3430 voluerunt,
592 3368 622 3420 et
638 3359 676 3420 de
695 3363 878 3422 eoneessione
889 3359 1057 3439 hujusmodi
1070 3371 1140 3413 eon·

124 3464 142 3493 ι
168 3439 381 3504 iit-mationem
398 3443 435 3502 ab
455 3443 610 3524 apostoliea
633 3442 687 3504 irae
711 3452 809 3504 saneta
830 3445 905 3506 Sede
926 3444 1139 3510 obtinuerunt3

122 3548 140 3577 a
166 3523 234 3584 sive
246 3526 379 3587 tonino.
389 3519 558 3604 irarjtrsmodi
568 3528 860 3605 sinteonsanguineta
870 3535 900 3587 et
909 3527 1009 3585 allines
1018 3535 1138 3589 eorum,

123 3632 141 3663 a
166 3606 225 3687 qui
240 3620 310 3673 sunt
327 3611 468 3675 domini
459 3628 490 3674 tn
504 3614 716 3691 temporalibus
735 3612 885 3682 locorum,
897 3611 929 3669 in
949 3606 1057 3750 quibus
1075 3621 1138 3665 mo·
