2642 4150
182 180 220 241 tte
393 180 437 238 De
451 191 638 238 corraeorum
648 174 762 256 Pontis.
773 174 907 252 decretis,
925 186 977 238 eta

181 278 375 351 stodieudus,
403 288 492 357 prout
518 279 628 339 librum
650 279 907 338 matrimoniorum
933 278 1016 340 caute
1045 284 1185 344 custodiri

179 363 266 443 suprd
280 364 492 424 mandavimus.
593 414 597 421 .

219 451 292 522 Quia
310 447 381 509 verb
402 448 540 506 nonnulli
556 447 654 506 deesse
672 464 732 506 non
751 454 890 523 possunt,
907 449 957 523 qui
972 451 1099 526 propriae
1113 471 1185 512 eon-

180 533 308 595 scientiae
332 531 451 591 vocibus
479 530 712 600 obsurdescant,
740 541 771 589 et
796 530 904 589 nostris
931 530 1009 591 bisce
1040 536 1184 595 nrartdatis

180 616 283 695 parere
306 615 474 693 negligant,
501 615 600 674 debita
623 632 778 692 pennarum
810 611 993 676 districtione
1016 635 1072 693 pro
1095 621 1184 680 naodo

181 702 273 777 culpae
299 698 415 759 avobis
435 699 605 775 puniantur.
623 696 796 770 Quinimmo
811 694 879 756 cium
898 699 967 758 satis
990 700 1075 760 nobis
1097 721 1184 780 expe·

181 784 286 844 rientid
308 792 490 858 compertum
513 782 570 851 sit,
591 783 622 841 in
643 780 813 857 hujusmodi
837 782 961 858 negotiis
979 780 1135 859 homines,
1152 788 1185 846 in

183 879 292 928 terram
315 867 416 931 oeulos
430 866 609 926 declinantes
624 865 662 924 eb
682 864 827 926 humanos
848 874 1019 943 respectus,
1044 869 1186 929 tardiores

183 952 279 1021 cilici,
299 962 329 1011 et
343 950 360 1010 i
373 960 450 1010 reeta
468 950 572 1027 agendi
585 950 688 1009 semita
705 949 855 1024 revocari3
869 949 1042 1009 mandamus
1055 952 1185 1022 idcireo,

183 1035 368 1097 taratrimonia
389 1033 534 1093 oecultaia
556 1034 640 1091 vobis
659 1033 789 1109 evulgari
803 1041 854 1102 ,et
874 1042 942 1090 nuta
960 1033 1049 1104 lieri,
1066 1036 1091 1094 si
1105 1035 1187 1099 certb

184 1119 267 1179 robis
287 1120 470 1189 constiterit,
490 1136 527 1177 ex
548 1119 646 1194 aliquo
666 1117 854 1176 matrimonio
871 1117 985 1176 occulto
1002 1131 1186 1195 procreatam

183 1202 272 1264 fuisse
288 1204 438 1273 sobolem,
455 1212 486 1262 et
512 1202 686 1280 baptizatam
702 1201 863 1279 suppressis
885 1210 1041 1277 parentum
1058 1204 1190 1264 nemini·
1300 1232 1301 1259 r

186 1286 259 1359 bus,
288 1290 370 1349 nulla
399 1288 526 1366 praestiti
548 1287 631 1345 vobis
656 1286 778 1356 notitia,
805 1294 839 1345 ut
862 1303 915 1363 par
935 1294 1023 1357 erat,
1045 1289 1083 1349 ab
1109 1290 1190 1348 illius

186 1373 356 1447 parentibus
375 1373 455 1432 intra
469 1372 591 1448 triginta
610 1368 706 1428 diesi
726 1369 876 1428 nativitate
895 1370 1103 1430 numerandos.

223 1456 268 1515 Ne
290 1465 389 1516 autem
415 1465 627 1521 contumaces,
651 1460 682 1511 et
706 1453 930 1525 inobedientes,
956 1454 1071 1514 violatae
1097 1455 1189 1528 fidei,

187 1539 470 1617 proditiquescereti
492 1546 621 1616 pastores
642 1555 710 1597 suos
733 1536 928 1611 insimulent3
949 1537 1051 1599 sedulb
1073 1538 1193 1600 duobis

189 1623 355 1684 curandum
373 1633 437 1692 est,
456 1631 490 1682 ut
510 1621 526 1681 i
547 1619 698 1699 parocho,
715 1622 762 1679 vcl
775 1622 833 1680 alio
846 1620 994 1681 sacerdote
1009 1640 1063 1699 pro
1082 1631 1191 1683 secreta

188 1706 384 1767 celebratione
405 1706 588 1766 matrimonii
602 1702 619 1762 i
635 1705 719 1765 vobis
741 1705 909 1781 deputando
923 1749 930 1774 ,
943 1705 1081 1783 conjuges
1097 1705 1191 1778 clare,

190 1799 221 1849 et
239 1789 340 1868 aperte
361 1801 559 1860 moneantur,
582 1789 616 1847 ed
638 1790 727 1866 lege,
748 1800 778 1848 et
803 1799 885 1865 paeto
909 1790 967 1847 illis
986 1791 1118 1866 permitti
1147 1811 1193 1850 se-

189 1875 259 1934 creti
282 1876 463 1936 matrimonii
482 1875 725 1944 celebrationem,
747 1883 780 1932 ut
801 1872 913 1932 soboles
929 1874 998 1932 inde
1014 1877 1193 1952 procreanda

190 1974 250 2017 non
272 1958 368 2019 solium
384 1968 574 2037 regeneretur
587 1975 669 2018 sacro
685 1956 883 2032 baptismate,
900 1957 951 2015 sed
969 1967 1034 2034 post
1049 1958 1192 2035 baptisma

189 2039 384 2104 denuntietur
395 2044 538 2130 Episcopo
559 2060 627 2102 cum
655 2050 723 2101 nota
745 2041 825 2112 loci,
847 2051 876 2101 et
900 2042 1040 2119 temporis
1067 2042 1195 2101 admini-

189 2129 271 2187 strati
288 2130 460 2188 sacramenti
476 2171 484 2199 ,
499 2147 532 2186 ac
550 2127 664 2187 sinceri
680 2125 854 2185 indicatione
869 2136 1022 2204 parentum
1035 2126 1071 2198 ,b
1088 2128 1195 2204 quibus

191 2221 288 2271 ortum
305 2211 432 2282 babuit,
452 2210 700 2289 quemadmodum
720 2208 806 2285 supra
831 2212 1013 2286 praemissum
1034 2219 1102 2269 est:
1123 2212 1196 2268 alio-

190 2296 263 2371 quin
285 2297 507 2355 matrimonium
527 2294 593 2354 lieet
607 2303 790 2352 contractum
804 2294 872 2353 data
893 2312 945 2369 per
963 2295 1137 2371 Episcopum
1150 2311 1195 2353 se·

191 2380 263 2438 creti
287 2379 368 2448 fide,
392 2381 423 2438 in
458 2380 552 2438 lucem
585 2378 753 2455 proferetur
780 2377 958 2453 ingratiam
989 2377 1142 2446 illiorum,
1166 2388 1195 2437 et

191 2464 228 2523 ad
247 2463 473 2541 propulsandam
495 2463 606 2523 abillis
629 2478 769 2538 gravem,
784 2463 926 2538 nulloque
945 2470 1028 2537 pacto
1045 2462 1196 2522 serendam

188 2548 345 2625 jacturam.
367 2549 509 2607 Volumus
525 2548 671 2623 denique,
692 2564 726 2605 ac
747 2545 921 2605 mandamus
945 2545 1055 2618 iidem,
1076 2564 1127 2604 scu
1152 2557 1197 2606 at·

191 2635 357 2693 testationes
371 2633 548 2692 matrimonii
562 2631 637 2690 elam
648 2631 735 2700 initi,
750 2639 780 2689 et
790 2630 897 2690 sobolis
910 2647 945 2687 ex
958 2646 993 2688 eo
1014 2633 1197 2705 procreatae,

192 2726 343 2793 excerptae
372 2734 409 2776 ex
438 2716 522 2775 dietis
548 2716 652 2783 libris,
677 2713 788 2788 modo,
818 2731 877 2789 que
894 2714 1006 2772 dictum
1028 2720 1091 2786 est,
1120 2713 1196 2791 apud

192 2801 340 2861 cascaute
362 2800 579 2868 custodiendis,
600 2807 710 2857 tantam
733 2797 895 2876 promereri
921 2797 1034 2866 fidem,
1056 2810 1196 2875 quantam

193 2886 249 2946 sibi
273 2886 323 2944 alii
345 2886 415 2943 libri
439 2883 618 2961 parochiales
641 2883 842 2959 baptismatis,
868 2891 899 2941 et
930 2882 1112 2942 matrimonii
1134 2884 1197 2942 vm·

193 2970 290 3028 dicare
311 2979 536 3028 consueverunt.
1300 3013 1301 3028 ,

234 3051 441 3120 llaeeiavobis,
460 3068 528 3110 verr.
551 3053 692 3124 Fratres,
716 3053 748 3111 in
767 3049 821 3110 hae
844 3060 1013 3128 temporum
1035 3051 1198 3111 calamitate
1300 3097 1301 3108 ,

194 3136 341 3197 observari
365 3133 451 3194 enixe
469 3137 653 3212 praecipimus
670 3137 706 3195 ad
725 3153 911 3194 communem
934 3136 1102 3193 animarum
1122 3138 1199 3194 salu·
1300 3143 1301 3208 j

127 3283 133 3288 ,
194 3231 270 3295 tem,
293 3226 323 3278 et
347 3223 385 3279 au
405 3220 572 3298 praesidium
595 3221 792 3280 ecclesiasticae
816 3219 998 3295 disciplina,
1016 3228 1139 3295 propter
1153 3222 1199 3278 in·

160 3373 163 3383 ¹
194 3305 387 3365 valescentcm
416 3304 571 3364 bominum
602 3305 744 3364 malitiam
777 3321 852 3362 nova
879 3320 996 3379 semper
1022 3301 1199 3361 detrimenta
1300 3313 1301 3320 ’

194 3389 408 3467 culpabamus,
429 3389 475 3447 vel
492 3390 719 3449 reformidantis.
732 3387 875 3447 ueterum
886 3388 992 3447 nostris
1003 3385 1080 3445 bisce
1091 3387 1200 3446 litteris

195 3475 308 3533 sublata
329 3474 468 3533 nolumus
489 3491 521 3531 ea
535 3474 677 3531 validiora
702 3471 852 3542 remedia,
872 3490 937 3549 quae
958 3470 1028 3530 huie
1046 3471 1125 3531 malo
1141 3514 1149 3542 ‚
1167 3470 1200 3530 in
1300 3485 1301 3508 ³

196 3558 274 3617 diem
295 3558 468 3638 ingruenti,
498 3575 633 3617 consona·
648 3557 798 3635 dignoscet
820 3558 987 3634 prudentia.
1010 3563 1132 3629 restra,
1162 3555 1199 3614 ad
