2642 4150
161 192 221 252 644
550 184 646 248 tectae
658 188 779 250 446666.

199 288 439 372 imperfectiones
454 285 552 348 dubia
567 288 606 348 de
619 287 728 348 6664644
743 305 781 346 66
795 285 956 366 aliquando
972 290 1085 368 possint
1108 311 1172 357 esse

161 378 282 438 materia
293 368 543 436 consessionistt.
556 373 585 431 6.
597 388 629 431 ιι.
642 372 711 431 466.
722 372 818 432 644.
1234 419 1238 424 ,

198 458 456 540 impaenitendo
468 457 668 536 impoenitenti
684 455 780 517 danda
792 455 831 516 sit
841 457 1128 588 Extrema-Unetiot
1145 459 1168 523 t.

161 546 236 605 6..ιι
251 546 320 606 752.

198 629 501 725 Impositiomauuum
510 623 636 687 maante
647 642 687 685 66
697 624 890 702 requiratur
881 644 913 686 ι6
922 626 1170 691 6666464666664

160 710 183 775 4.
195 717 260 775 66.
282 715 350 775 464.
364 712 515 790 impositio
534 727 679 771 manuum
699 712 793 770 ausit
812 710 873 771 6646
889 712 1013 773 materia
1025 713 1170 775 Ordinis?

160 818 192 860 6.
207 801 307 860 7466
324 796 434 859 Tertia.

197 887 394 964 Impotentie‚
417 890 448 941 et
469 881 633 961 tripotens.
659 879 836 959 impotentia
862 877 1067 943 adservanda
1093 901 1170 962 prae·

160 978 252 1047 eeptn
271 964 292 1027 4.
310 971 339 1028 4.
354 967 467 1027 etto.
487 965 639 1043 decipiens
655 963 673 1024 6
690 966 934 1043 sureimpotenta
952 965 990 1025 ad
1009 967 1169 1031 restituen-

160 1052 229 1113 dam
246 1070 310 1113 rem
326 1051 519 1113 commixtam
535 1066 604 1109 eum
623 1047 687 1125 ejus
706 1048 803 1109 bonis.
822 1046 844 1108 t.
865 1050 895 1108 4.
912 1066 945 1109 6
962 1051 1032 1111 642.
1045 1052 1125 1124 Quid
1142 1055 1166 1113 si

162 1137 200 1197 ab
221 1155 257 1199 eo
274 1134 555 1215 aeeipietdouate.
569 1135 639 1195 722.
651 1136 697 1192 46
712 1135 860 1210 impotens
880 1134 1066 1194 restituere
1057 1155 1090 1195 46
1108 1153 1168 1197 666

161 1238 269 1298 genere
283 1228 419 1282 teneatur
432 1220 464 1279 46
481 1218 539 1281 6446
550 1222 565 1277 4
576 1238 609 1279 6.
624 1218 693 1278 647.
708 1218 886 1296 impotentia
906 1237 1047 1280 excusans
1059 1219 1101 1280 6
1089 1221 1169 1298 peju-

160 1306 255 1368 nimi.
269 1309 300 1368 4.
317 1326 350 1367 6.
375 1305 463 1365 4666.
483 1304 530 1364 Aa
547 1304 694 1381 impotens
714 1319 835 1380 vespere
853 1302 1010 1381 jejunare,
1032 1314 1168 1367 teneatur

161 1408 248 1454 mene
261 1408 378 1452 sumere
396 1389 488 1450 sotum
512 1389 771 1449 eoiiatiuneubmt
783 1405 815 1447 6.
836 1389 925 1448 4664.
943 1389 1082 1449 Sacerdos
1099 1392 1170 1451 red·

161 1475 281 1538 deesse
300 1477 492 1553 impotentem
504 1473 542 1534 ad
553 1473 759 1545 recitandum,
776 1471 958 1550 projiciendo
971 1474 1166 1535 Breviorium.

160 1559 182 1622 4.
197 1565 226 1622 6.
239 1581 272 1621 6.
286 1562 354 1622 446.
367 1561 516 1638 lmpotens
529 1558 653 1617 recitare
664 1556 794 1619 oiiieium
805 1556 1068 1618 obinurmttatem.
1081 1576 1166 1618 nem.

164 1649 230 1708 464.
247 1647 396 1722 impotens
415 1644 539 1703 46644646
557 1651 677 1712 464646,
697 1649 817 1701 4666464
838 1641 874 1700 ad
896 1650 1023 1718 partem.
1047 1660 1080 1702 ιι.
1096 1645 1166 1704 468.

162 1727 442 1807 impoteusreeiture
451 1728 529 1787 solus
539 1745 577 1786 au
592 1735 726 1786 teneatur
736 1725 951 1787 oumsoeio‘te'b.
963 1726 1077 1786 644646.
1087 1729 1168 1787 Cou-

157 1813 381 1891 jaxreddeusse
391 1809 834 1889 impotentemadreddendum.
847 1807 868 1869 4.
884 1812 915 1870 6.
931 1827 962 1869 6.
974 1811 1042 1869 att.
1051 1812 1094 1871 De
1106 1811 1172 1872 im«

160 1899 291 1979 potentatu
321 1897 358 1958 ad
376 1899 488 1958 mitum
505 1896 666 1957 dirimente
691 1895 927 1956 matrimonium
950 1911 983 1954 6.
1011 1896 1096 1955 4666.
1126 1894 1168 1955 od

199 2070 374 2151 inepreeatio
395 2068 479 2132 malie
501 2063 683 2129 hominibus.
700 2063 724 2126 4.
738 2068 768 2128 4.
782 2084 815 2129 ιι.
831 2064 881 2127 86.
896 2065 1057 2145 imprecari
1078 2064 1164 2126 644644

161 2156 335 2219 daemonem.
350 2151 373 2214 4.
391 2156 420 2214 4.
437 2173 469 2214 6.
485 2155 555 2214 464.

167 2239 444 2319 Irnpoecatioees‚
464 2237 533 2298 vide
551 2239 646 2298 Prae.
662 2235 750 2335 6664
764 2254 796 2297 6.
812 2240 862 2299 66.
917 2270 920 2275 ¹

199 2321 405 2402 imprimentes
419 2316 512 2381 libros
534 2318 689 2381 haereticos
713 2320 871 2382 incurrunt
888 2319 1166 2382 excommunicatio-

161 2424 230 2481 nem
244 2407 448 2466 butiaecmnoe.
459 2401 483 2465 4.
494 2406 522 2465 7.
540 2423 573 2465 6.
584 2407 654 2466 4484.
670 2407 876 2483 imprimentes
886 2410 984 2465 autem
1000 2405 1125 2465 libros
1101 2418 1167 2463 sine

160 2493 277 2554 14666446
294 2491 451 2551 46666664
460 2491 795 2552 excommunicationem
808 2507 844 2552 ex
854 2490 1040 2550 Tridentino
1054 2509 1086 2549 6.
1095 2489 1170 2549 666.

161 2575 203 2638 ad
216 2578 265 2636 46.
279 2584 307 2635 et
315 2577 385 2636 ate

198 2659 398 2741 Improportto
417 2677 576 2739 oorporum
591 2676 715 2720 causans
733 2660 948 2739 impotentiam.
961 2655 983 2718 4.
996 2660 1062 2719 66.
1079 2659 1166 2719 teet.
1227 2713 1231 2720 .

45 2756 48 2761 ’
160 2747 237 2808 Vide
252 2746 401 2805 Femina.

198 2831 335 2907 16646466
352 2848 390 2890 66
404 2837 538 2892 teneatur
555 2828 593 2890 ad
609 2827 746 2908 legenti.
768 2831 798 2888 4.
817 2847 849 2889 6.
870 2804 938 2890 466.
955 2846 985 2888 6.
1001 2824 1164 2903 66644464.

161 2920 206 2977 An
217 2916 347 2975 incurrat
363 2932 465 2992 poenas
481 2914 669 2975 ordinarias?
684 2912 725 2973 44.
738 2913 813 2973 Vota
838 2913 1027 2990 impuberum
1049 2918 1171 2989 possunt

160 2998 270 3060 irritari
288 2997 304 3056 6
323 3006 426 3075 patre,
443 3015 518 3070 svo,
535 3007 566 3059 et
585 3006 693 3058 tutore.
715 2993 737 3056 4.
759 2998 791 3057 4.
816 3015 848 3057 6.
867 2998 936 3058 446.
950 2998 1027 3056 Aua
1048 2996 1170 3053 4664464

161 3103 193 3144 ιι.
211 3082 280 3142 666.
294 3081 340 3141 An
354 3090 421 3142 rota
444 3081 617 3159 puberum?
632 3091 665 3140 6.
682 3082 751 3140 uti.
762 3082 808 3140 An
829 3090 964 3140 teneatur
981 3078 1018 3138 ud
1030 3078 1171 3137 Commu·

163 3165 389 3229 uionemstetim
404 3175 472 3243 post
480 3184 567 3227 usum
578 3159 799 3225 4666646446.
811 3184 843 3225 n.
856 3166 925 3225 664.
941 3181 971 3222 o.
985 3160 1049 3223 sed.
1064 3164 1098 3221 16
1111 3177 1173 3238 666

160 3260 247 3313 664646
257 3257 403 3311 46666464.
423 3248 464 3311 46.
485 3267 515 3309 ιι.
536 3248 593 3310 Sed
609 3247 668 3309 446.
685 3248 732 3308 An
750 3248 787 3307 ad
806 3244 1040 3311 consessionem?
1052 3263 1085 3305 ιι.
1099 3247 1169 3305 666.

160 3338 205 3396 An
221 3334 311 3412 possit
325 3333 436 3393 absolvi
456 3335 488 3394 in
507 3333 598 3392 dubio
621 3331 659 3391 de
680 3350 735 3391 usu
749 3334 944 3393 4644664646.
967 3332 1037 3390 464.
1056 3328 1087 3387 6.
1109 3332 1129 3389 1
1132 3332 1171 3391 t'

77 3496 82 3503 ι
148 3420 192 3481 ‘Si
208 3419 383 3485 ordinetur
396 3437 441 3478 an
461 3424 596 3478 teneatur
616 3415 654 3475 ad
675 3418 858 3478 castitatem?
872 3435 904 3477 ιι.
929 3417 999 3476 846.
1015 3414 1174 3473 446444466-

160 3506 246 3563 64646
271 3504 352 3562 46464
377 3501 547 3580 impuberes
562 3518 602 3559 au
620 3498 727 3560 habeat
746 3501 808 3560 vim
833 3497 1174 3579 ammonentem.

161 3588 242 3646 46464
256 3585 426 3662 impuberes
442 3585 592 3663 quomodo
614 3585 767 3646 saltantur
784 3585 940 3665 sponsalia.
960 3600 992 3642 6.
1007 3582 1078 3643 866.
1091 3579 1175 3654 Quid
