<?xml version="1.0" encoding="UTF-8"?>
<!DOCTYPE html PUBLIC "-//W3C//DTD XHTML 1.0 Transitional//EN"
    "http://www.w3.org/TR/xhtml1/DTD/xhtml1-transitional.dtd">
<html xmlns="http://www.w3.org/1999/xhtml" xml:lang="en" lang="en">
 <head>
  <title>
</title>
<meta http-equiv="Content-Type" content="text/html;charset=utf-8" />
  <meta name='ocr-system' content='tesseract 3.04.00' />
  <meta name='ocr-capabilities' content='ocr_page ocr_carea ocr_par ocr_line ocrx_word'/>
</head>
<body>
  <div class='ocr_page' id='page_1' title='image "./theologiamorali01heilgoog_0167.png"; bbox 0 0 2642 4150; ppageno 0'>
   <div class='ocr_carea' id='block_1_1' title="bbox 137 213 1141 482">
    <p class='ocr_par' dir='ltr' id='par_1_1' title="bbox 137 213 1141 482">
     <span class='ocr_line' id='line_1_1' title="bbox 439 213 1140 299; baseline 0.019 -26"><span class='ocrx_word' id='word_1_1' title='bbox 439 213 485 274; x_wconf 85' lang='lat' dir='ltr'><strong>De</strong></span> <span class='ocrx_word' id='word_1_2' title='bbox 503 213 674 296; x_wconf 81' lang='lat' dir='ltr'><strong>priuiiepiis.</strong></span> <span class='ocrx_word' id='word_1_3' title='bbox 693 219 789 299; x_wconf 68' lang='lat' dir='ltr'><strong>demet</strong></span> <span class='ocrx_word' id='word_1_4' title='bbox 806 221 870 283; x_wconf 86' lang='grc' dir='ltr'><strong><em>ΙΙΙ.</em></strong></span> <span class='ocrx_word' id='word_1_5' title='bbox 1081 223 1140 286; x_wconf 75' lang='lat' dir='ltr'><strong>tue</strong></span> 
     </span>
     <span class='ocr_line' id='line_1_2' title="bbox 137 314 1140 399; baseline 0.004 -20"><span class='ocrx_word' id='word_1_6' title='bbox 137 314 236 379; x_wconf 88' lang='lat' dir='ltr'><strong>munis</strong></span> <span class='ocrx_word' id='word_1_7' title='bbox 254 314 401 374; x_wconf 89' lang='lat' dir='ltr'><strong>sententia</strong></span> <span class='ocrx_word' id='word_1_8' title='bbox 424 330 507 390; x_wconf 85' lang='lat' dir='ltr'><strong>posse</strong></span> <span class='ocrx_word' id='word_1_9' title='bbox 523 316 697 393; x_wconf 81' lang='lat' dir='ltr'>Episcopum</span> <span class='ocrx_word' id='word_1_10' title='bbox 723 318 755 378; x_wconf 90' lang='lat' dir='ltr'><strong>in</strong></span> <span class='ocrx_word' id='word_1_11' title='bbox 778 337 814 379; x_wconf 92' lang='lat' dir='ltr'><strong>eo</strong></span> <span class='ocrx_word' id='word_1_12' title='bbox 835 319 1004 397; x_wconf 80' lang='lat' dir='ltr'><strong>dispensare</strong></span> <span class='ocrx_word' id='word_1_13' title='bbox 1025 324 1140 399; x_wconf 80' lang='lat' dir='ltr'><strong>quotics</strong></span> 
     </span>
     <span class='ocr_line' id='line_1_3' title="bbox 138 394 1141 482; baseline 0.009 -25"><span class='ocrx_word' id='word_1_14' title='bbox 138 416 198 457; x_wconf 93' lang='lat' dir='ltr'><strong>non</strong></span> <span class='ocrx_word' id='word_1_15' title='bbox 216 396 301 460; x_wconf 76' lang='lat' dir='ltr'><strong>inciti</strong></span> <span class='ocrx_word' id='word_1_16' title='bbox 325 394 539 476; x_wconf 66' lang='lat' dir='ltr'><strong>possesiones</strong></span> <span class='ocrx_word' id='word_1_17' title='bbox 559 401 756 460; x_wconf 69' lang='lat' dir='ltr'><strong>resonaret</strong></span> <span class='ocrx_word' id='word_1_18' title='bbox 768 402 957 474; x_wconf 80' lang='lat' dir='ltr'><strong>Pontificem,</strong></span> <span class='ocrx_word' id='word_1_19' title='bbox 977 413 1008 464; x_wconf 92' lang='lat' dir='ltr'><strong>et</strong></span> <span class='ocrx_word' id='word_1_20' title='bbox 1025 407 1141 482; x_wconf 80' lang='lat' dir='ltr'><strong>quoties</strong></span> 
     </span>
    </p>
   </div>
   <div class='ocr_carea' id='block_1_2' title="bbox 135 480 1186 2811">
    <p class='ocr_par' dir='ltr' id='par_1_2' title="bbox 135 480 1186 2811">
     <span class='ocr_line' id='line_1_4' title="bbox 138 480 1141 566; baseline 0.005 -25"><span class='ocrx_word' id='word_1_21' title='bbox 138 482 310 541; x_wconf 79' lang='lat' dir='ltr'><strong>immineret</strong></span> <span class='ocrx_word' id='word_1_22' title='bbox 336 480 502 560; x_wconf 70' lang='lat' dir='ltr'><strong>peribolum</strong></span> <span class='ocrx_word' id='word_1_23' title='bbox 528 481 677 554; x_wconf 68' lang='lat' dir='ltr'><strong>mundati,</strong></span> <span class='ocrx_word' id='word_1_24' title='bbox 703 494 760 545; x_wconf 87' lang='lat' dir='ltr'><strong>unt</strong></span> <span class='ocrx_word' id='word_1_25' title='bbox 779 486 926 563; x_wconf 77' lang='lat' dir='ltr'><strong>insumite,</strong></span> <span class='ocrx_word' id='word_1_26' title='bbox 951 487 977 548; x_wconf 87' lang='lat' dir='ltr'><strong>si</strong></span> <span class='ocrx_word' id='word_1_27' title='bbox 1002 488 1141 566; x_wconf 79' lang='lat' dir='ltr'><strong>conjuges</strong></span> 
     </span>
     <span class='ocr_line' id='line_1_5' title="bbox 138 565 1138 645; baseline 0.008 -20"><span class='ocrx_word' id='word_1_28' title='bbox 138 576 330 644; x_wconf 74' lang='lat' dir='ltr'>separentur,</span> <span class='ocrx_word' id='word_1_29' title='bbox 348 574 399 625; x_wconf 90' lang='lat' dir='ltr'><strong>aut</strong></span> <span class='ocrx_word' id='word_1_30' title='bbox 419 565 765 632; x_wconf 57' lang='lat' dir='ltr'><strong>incontinentissimo</strong></span> <span class='ocrx_word' id='word_1_31' title='bbox 780 571 1138 645; x_wconf 76' lang='lat' dir='ltr'><strong>separentur3itu8uneit.</strong></span> 
     </span>
     <span class='ocr_line' id='line_1_6' title="bbox 140 648 1137 731; baseline 0.01 -22"><span class='ocrx_word' id='word_1_32' title='bbox 140 651 274 731; x_wconf 76' lang='lat' dir='ltr'><strong>Cestrep.</strong></span> <span class='ocrx_word' id='word_1_33' title='bbox 285 652 372 712; x_wconf 84' lang='lat' dir='ltr'><strong>Ceae.</strong></span> <span class='ocrx_word' id='word_1_34' title='bbox 380 648 505 710; x_wconf 84' lang='lat' dir='ltr'><strong>Morbos.</strong></span> <span class='ocrx_word' id='word_1_35' title='bbox 519 652 628 710; x_wconf 80' lang='lat' dir='ltr'><strong>Toum.</strong></span> <span class='ocrx_word' id='word_1_36' title='bbox 638 649 791 712; x_wconf 81' lang='lat' dir='ltr'><strong>Cobossut.</strong></span> <span class='ocrx_word' id='word_1_37' title='bbox 802 655 875 712; x_wconf 85' lang='lat' dir='ltr'><strong>Nat.</strong></span> <span class='ocrx_word' id='word_1_38' title='bbox 885 653 922 714; x_wconf 88' lang='lat' dir='ltr'><strong>ab</strong></span> <span class='ocrx_word' id='word_1_39' title='bbox 931 652 1014 716; x_wconf 73' lang='lat' dir='ltr'><strong>Ales.</strong></span> <span class='ocrx_word' id='word_1_40' title='bbox 1026 658 1137 719; x_wconf 81' lang='lat' dir='ltr'><strong>Bonos.</strong></span> 
     </span>
     <span class='ocr_line' id='line_1_7' title="bbox 138 729 1137 812; baseline 0.007 -18"><span class='ocrx_word' id='word_1_41' title='bbox 138 733 231 794; x_wconf 85' lang='lat' dir='ltr'><strong>Borb.</strong></span> <span class='ocrx_word' id='word_1_42' title='bbox 245 729 340 794; x_wconf 79' lang='lat' dir='ltr'><strong>Salon.</strong></span> <span class='ocrx_word' id='word_1_43' title='bbox 355 740 408 793; x_wconf 88' lang='lat' dir='ltr'><strong>eto.</strong></span> <span class='ocrx_word' id='word_1_44' title='bbox 423 741 523 792; x_wconf 85' lang='lat' dir='ltr'><strong>eontra</strong></span> <span class='ocrx_word' id='word_1_45' title='bbox 545 734 687 810; x_wconf 86' lang='lat' dir='ltr'><strong>quosdam</strong></span> <span class='ocrx_word' id='word_1_46' title='bbox 705 753 823 812; x_wconf 89' lang='lat' dir='ltr'><strong>paucos.</strong></span> <span class='ocrx_word' id='word_1_47' title='bbox 838 736 909 798; x_wconf 82' lang='lat' dir='ltr'><strong>Vide</strong></span> <span class='ocrx_word' id='word_1_48' title='bbox 921 735 943 798; x_wconf 84' lang='lat' dir='ltr'><strong>l.</strong></span> <span class='ocrx_word' id='word_1_49' title='bbox 961 741 991 799; x_wconf 85' lang='grc'><strong>6.</strong></span> <span class='ocrx_word' id='word_1_50' title='bbox 1007 757 1040 799; x_wconf 84' lang='lat' dir='ltr'><strong>a.</strong></span> <span class='ocrx_word' id='word_1_51' title='bbox 1050 742 1137 804; x_wconf 69' lang='lat' dir='ltr'><strong>titt.</strong></span> 
     </span>
     <span class='ocr_line' id='line_1_8' title="bbox 139 816 1137 896; baseline 0.011 -18"><span class='ocrx_word' id='word_1_52' title='bbox 139 820 184 878; x_wconf 79' lang='lat' dir='ltr'><strong>Et·</strong></span> <span class='ocrx_word' id='word_1_53' title='bbox 194 816 273 878; x_wconf 93' lang='lat' dir='ltr'><strong>idem</strong></span> <span class='ocrx_word' id='word_1_54' title='bbox 294 818 384 877; x_wconf 87' lang='lat' dir='ltr'><strong>sentit</strong></span> <span class='ocrx_word' id='word_1_55' title='bbox 403 816 553 878; x_wconf 81' lang='lat' dir='ltr'><strong>Benedici.</strong></span> <span class='ocrx_word' id='word_1_56' title='bbox 569 820 660 880; x_wconf 83' lang='lat' dir='ltr'><strong><em>XIV.</em></strong></span> <span class='ocrx_word' id='word_1_57' title='bbox 670 821 715 879; x_wconf 85' lang='lat' dir='ltr'><strong>De</strong></span> <span class='ocrx_word' id='word_1_58' title='bbox 724 818 842 896; x_wconf 67' lang='lat' dir='ltr'><strong>Suseodo</strong></span> <span class='ocrx_word' id='word_1_59' title='bbox 868 819 888 881; x_wconf 83' lang='lat' dir='ltr'><strong>i.</strong></span> <span class='ocrx_word' id='word_1_60' title='bbox 906 825 936 884; x_wconf 82' lang='grc'><strong>9.</strong></span> <span class='ocrx_word' id='word_1_61' title='bbox 955 842 981 885; x_wconf 88' lang='lat' dir='ltr'><strong>e.</strong></span> <span class='ocrx_word' id='word_1_62' title='bbox 1000 827 1030 886; x_wconf 75' lang='lat'><strong>2.</strong></span> <span class='ocrx_word' id='word_1_63' title='bbox 1051 843 1084 885; x_wconf 80' lang='lat' dir='ltr'><strong>o.</strong></span> <span class='ocrx_word' id='word_1_64' title='bbox 1106 830 1137 889; x_wconf 76' lang='lat'><strong>2.</strong></span> 
     </span>
     <span class='ocr_line' id='line_1_9' title="bbox 138 898 1139 990; baseline 0.01 -30"><span class='ocrx_word' id='word_1_65' title='bbox 138 898 383 960; x_wconf 81' lang='lat' dir='ltr'><strong>Prorsumeadum</strong></span> <span class='ocrx_word' id='word_1_66' title='bbox 404 908 468 970; x_wconf 87' lang='lat' dir='ltr'><strong>est,</strong></span> <span class='ocrx_word' id='word_1_67' title='bbox 487 918 640 962; x_wconf 74' lang='lat' dir='ltr'><strong>morsuum·</strong></span> <span class='ocrx_word' id='word_1_68' title='bbox 655 900 828 982; x_wconf 80' lang='lat' dir='ltr'><strong>Pontificem</strong></span> <span class='ocrx_word' id='word_1_69' title='bbox 848 901 979 985; x_wconf 76' lang='lat' dir='ltr'><strong>deiepore</strong></span> <span class='ocrx_word' id='word_1_70' title='bbox 995 906 1139 990; x_wconf 79' lang='lat' dir='ltr'><strong>Episcopo</strong></span> 
     </span>
     <span class='ocr_line' id='line_1_10' title="bbox 135 981 1140 1067; baseline 0.013 -27"><span class='ocrx_word' id='word_1_71' title='bbox 135 990 310 1063; x_wconf 82' lang='lat' dir='ltr'><strong>potestatem</strong></span> <span class='ocrx_word' id='word_1_72' title='bbox 325 981 537 1062; x_wconf 79' lang='lat' dir='ltr'><strong>dispensandi,</strong></span> <span class='ocrx_word' id='word_1_73' title='bbox 559 1001 651 1062; x_wconf 78' lang='lat' dir='ltr'><strong>perum</strong></span> <span class='ocrx_word' id='word_1_74' title='bbox 673 988 767 1055; x_wconf 78' lang='lat' dir='ltr'><strong>certi,</strong></span> <span class='ocrx_word' id='word_1_75' title='bbox 791 987 968 1067; x_wconf 83' lang='lat' dir='ltr'><strong>requisitus,</strong></span> <span class='ocrx_word' id='word_1_76' title='bbox 988 1008 1050 1051; x_wconf 81' lang='lat' dir='ltr'><strong>aon</strong></span> <span class='ocrx_word' id='word_1_77' title='bbox 1068 999 1140 1053; x_wconf 74' lang='lat' dir='ltr'><strong>meet</strong></span> 
     </span>
     <span class='ocr_line' id='line_1_11' title="bbox 137 1064 1140 1147; baseline 0.011 -23"><span class='ocrx_word' id='word_1_78' title='bbox 137 1065 169 1124; x_wconf 84' lang='lat' dir='ltr'><strong>ei</strong></span> <span class='ocrx_word' id='word_1_79' title='bbox 181 1064 456 1145; x_wconf 75' lang='lat' dir='ltr'><strong>dempsterussed</strong></span> <span class='ocrx_word' id='word_1_80' title='bbox 474 1066 631 1127; x_wconf 73' lang='lat' dir='ltr'><strong>advertunt</strong></span> <span class='ocrx_word' id='word_1_81' title='bbox 646 1067 694 1129; x_wconf 88' lang='lat' dir='ltr'><strong>bic</strong></span> <span class='ocrx_word' id='word_1_82' title='bbox 708 1072 752 1129; x_wconf 79' lang='lat' dir='ltr'><strong>Lo</strong></span> <span class='ocrx_word' id='word_1_83' title='bbox 772 1071 880 1147; x_wconf 68' lang='lat' dir='ltr'><strong>croese,</strong></span> <span class='ocrx_word' id='word_1_84' title='bbox 900 1080 928 1132; x_wconf 91' lang='lat' dir='ltr'><strong>et</strong></span> <span class='ocrx_word' id='word_1_85' title='bbox 938 1070 1027 1140; x_wconf 46' lang='lat' dir='ltr'><strong>,relic</strong></span> <span class='ocrx_word' id='word_1_86' title='bbox 1039 1075 1140 1135; x_wconf 84' lang='lat' dir='ltr'><strong>Potes·</strong></span> 
     </span>
     <span class='ocr_line' id='line_1_12' title="bbox 140 1145 1140 1228; baseline 0.011 -22"><span class='ocrx_word' id='word_1_87' title='bbox 140 1156 192 1223; x_wconf 85' lang='lat' dir='ltr'><strong>tu,</strong></span> <span class='ocrx_word' id='word_1_88' title='bbox 213 1145 292 1224; x_wconf 86' lang='lat' dir='ltr'><strong>qubd</strong></span> <span class='ocrx_word' id='word_1_89' title='bbox 313 1148 337 1208; x_wconf 92' lang='lat' dir='ltr'><strong>si</strong></span> <span class='ocrx_word' id='word_1_90' title='bbox 361 1147 537 1225; x_wconf 74' lang='lat' dir='ltr'><strong>dispensatio</strong></span> <span class='ocrx_word' id='word_1_91' title='bbox 558 1159 654 1228; x_wconf 89' lang='lat' dir='ltr'><strong>potest</strong></span> <span class='ocrx_word' id='word_1_92' title='bbox 667 1151 819 1212; x_wconf 77' lang='lat' dir='ltr'><strong>commode</strong></span> <span class='ocrx_word' id='word_1_93' title='bbox 830 1153 956 1216; x_wconf 75' lang='lat' dir='ltr'><strong>obtineri</strong></span> <span class='ocrx_word' id='word_1_94' title='bbox 974 1155 1032 1216; x_wconf 78' lang='lat' dir='ltr'><strong>dS.</strong></span> <span class='ocrx_word' id='word_1_95' title='bbox 1042 1157 1140 1218; x_wconf 81' lang='lat' dir='ltr'><strong>Poeni·</strong></span> 
     </span>
     <span class='ocr_line' id='line_1_13' title="bbox 138 1230 1139 1310; baseline 0.011 -20"><span class='ocrx_word' id='word_1_96' title='bbox 138 1230 298 1304; x_wconf 74' lang='lat' dir='ltr'><strong>modario,</strong></span> <span class='ocrx_word' id='word_1_97' title='bbox 323 1238 354 1291; x_wconf 91' lang='lat' dir='ltr'><strong>et</strong></span> <span class='ocrx_word' id='word_1_98' title='bbox 377 1231 514 1310; x_wconf 77' lang='lat' dir='ltr'><strong>conjuges</strong></span> <span class='ocrx_word' id='word_1_99' title='bbox 536 1244 633 1294; x_wconf 90' lang='lat' dir='ltr'><strong>essent</strong></span> <span class='ocrx_word' id='word_1_100' title='bbox 656 1236 689 1293; x_wconf 91' lang='lat' dir='ltr'><strong>in</strong></span> <span class='ocrx_word' id='word_1_101' title='bbox 713 1234 789 1294; x_wconf 81' lang='lat' dir='ltr'><strong>bona</strong></span> <span class='ocrx_word' id='word_1_102' title='bbox 816 1235 896 1306; x_wconf 86' lang='lat' dir='ltr'><strong>tide,</strong></span> <span class='ocrx_word' id='word_1_103' title='bbox 921 1245 994 1299; x_wconf 86' lang='lat' dir='ltr'><strong>tunc</strong></span> <span class='ocrx_word' id='word_1_104' title='bbox 1021 1240 1072 1300; x_wconf 87' lang='lat' dir='ltr'><strong>itin</strong></span> <span class='ocrx_word' id='word_1_105' title='bbox 1095 1249 1139 1302; x_wconf 66' lang='grc' dir='ltr'><strong>αι</strong></span> 
     </span>
     <span class='ocr_line' id='line_1_14' title="bbox 138 1314 1137 1397; baseline 0.01 -22"><span class='ocrx_word' id='word_1_106' title='bbox 138 1314 367 1392; x_wconf 58' lang='lat' dir='ltr'><strong>expectandam</strong></span> <span class='ocrx_word' id='word_1_107' title='bbox 375 1314 495 1376; x_wconf 86' lang='lat' dir='ltr'><strong>interim</strong></span> <span class='ocrx_word' id='word_1_108' title='bbox 503 1319 602 1395; x_wconf 92' lang='lat' dir='ltr'><strong>sponsi</strong></span> <span class='ocrx_word' id='word_1_109' title='bbox 611 1326 681 1377; x_wconf 90' lang='lat' dir='ltr'><strong>sunt</strong></span> <span class='ocrx_word' id='word_1_110' title='bbox 690 1318 877 1397; x_wconf 85' lang='lat' dir='ltr'><strong>relinquendi</strong></span> <span class='ocrx_word' id='word_1_111' title='bbox 887 1322 918 1379; x_wconf 94' lang='lat' dir='ltr'><strong>in</strong></span> <span class='ocrx_word' id='word_1_112' title='bbox 926 1338 977 1380; x_wconf 85' lang='lat' dir='ltr'><strong>suu</strong></span> <span class='ocrx_word' id='word_1_113' title='bbox 984 1322 1059 1383; x_wconf 90' lang='lat' dir='ltr'><strong>bono</strong></span> <span class='ocrx_word' id='word_1_114' title='bbox 1068 1324 1137 1385; x_wconf 85' lang='lat' dir='ltr'><strong>tide.</strong></span> 
     </span>
     <span class='ocr_line' id='line_1_15' title="bbox 137 1398 1137 1480; baseline 0.008 -23"><span class='ocrx_word' id='word_1_115' title='bbox 137 1399 266 1476; x_wconf 83' lang='lat' dir='ltr'><strong>Insuper</strong></span> <span class='ocrx_word' id='word_1_116' title='bbox 278 1398 489 1459; x_wconf 81' lang='lat' dir='ltr'><strong>advertendum</strong></span> <span class='ocrx_word' id='word_1_117' title='bbox 503 1410 547 1460; x_wconf 86' lang='lat' dir='ltr'><strong>est</strong></span> <span class='ocrx_word' id='word_1_118' title='bbox 565 1418 633 1464; x_wconf 87' lang='lat' dir='ltr'><strong>cum</strong></span> <span class='ocrx_word' id='word_1_119' title='bbox 648 1401 774 1475; x_wconf 83' lang='lat' dir='ltr'><strong>Pontio,</strong></span> <span class='ocrx_word' id='word_1_120' title='bbox 786 1402 919 1480; x_wconf 83' lang='lat' dir='ltr'><strong>Castrop.</strong></span> <span class='ocrx_word' id='word_1_121' title='bbox 935 1402 1023 1464; x_wconf 79' lang='lat' dir='ltr'><strong>lieri.</strong></span> <span class='ocrx_word' id='word_1_122' title='bbox 1035 1406 1137 1468; x_wconf 80' lang='lat' dir='ltr'><strong>lisceb.</strong></span> 
     </span>
     <span class='ocr_line' id='line_1_16' title="bbox 137 1477 1138 1562; baseline 0.005 -21"><span class='ocrx_word' id='word_1_123' title='bbox 137 1478 291 1557; x_wconf 75' lang='lat' dir='ltr'><strong>Sanetus,</strong></span> <span class='ocrx_word' id='word_1_124' title='bbox 307 1477 396 1541; x_wconf 82' lang='lat' dir='ltr'><strong>Solae.</strong></span> <span class='ocrx_word' id='word_1_125' title='bbox 409 1479 534 1561; x_wconf 81' lang='lat' dir='ltr'><strong>aliisque</strong></span> <span class='ocrx_word' id='word_1_126' title='bbox 544 1481 754 1556; x_wconf 82' lang='lat' dir='ltr'><strong>emamuniter,</strong></span> <span class='ocrx_word' id='word_1_127' title='bbox 772 1499 833 1541; x_wconf 92' lang='lat' dir='ltr'><strong>non</strong></span> <span class='ocrx_word' id='word_1_128' title='bbox 851 1500 934 1559; x_wconf 87' lang='lat' dir='ltr'><strong>posse</strong></span> <span class='ocrx_word' id='word_1_129' title='bbox 945 1485 1138 1562; x_wconf 77' lang='lat' dir='ltr'><strong>Episcopum,</strong></span> 
     </span>
     <span class='ocr_line' id='line_1_17' title="bbox 138 1563 1140 1643; baseline 0.007 -21"><span class='ocrx_word' id='word_1_130' title='bbox 138 1563 166 1623; x_wconf 89' lang='lat' dir='ltr'><strong>si</strong></span> <span class='ocrx_word' id='word_1_131' title='bbox 185 1563 274 1623; x_wconf 89' lang='lat' dir='ltr'><strong>ambo</strong></span> <span class='ocrx_word' id='word_1_132' title='bbox 289 1563 422 1643; x_wconf 81' lang='lat' dir='ltr'><strong>conjuges</strong></span> <span class='ocrx_word' id='word_1_133' title='bbox 434 1567 510 1626; x_wconf 84' lang='lat' dir='ltr'><strong>maid</strong></span> <span class='ocrx_word' id='word_1_134' title='bbox 524 1566 584 1627; x_wconf 88' lang='lat' dir='ltr'><strong>fide</strong></span> <span class='ocrx_word' id='word_1_135' title='bbox 601 1565 819 1640; x_wconf 82' lang='lat' dir='ltr'><strong>contraxerint3</strong></span> <span class='ocrx_word' id='word_1_136' title='bbox 834 1572 905 1625; x_wconf 88' lang='lat' dir='ltr'><strong>tune</strong></span> <span class='ocrx_word' id='word_1_137' title='bbox 921 1567 1000 1627; x_wconf 89' lang='lat' dir='ltr'><strong>enim</strong></span> <span class='ocrx_word' id='word_1_138' title='bbox 1019 1568 1043 1627; x_wconf 92' lang='lat' dir='ltr'><strong>si</strong></span> <span class='ocrx_word' id='word_1_139' title='bbox 1056 1568 1140 1629; x_wconf 88' lang='lat' dir='ltr'><strong>dare·</strong></span> 
     </span>
     <span class='ocr_line' id='line_1_18' title="bbox 137 1645 1138 1727; baseline 0.008 -21"><span class='ocrx_word' id='word_1_140' title='bbox 137 1655 192 1706; x_wconf 85' lang='lat' dir='ltr'><strong>tur</strong></span> <span class='ocrx_word' id='word_1_141' title='bbox 201 1645 457 1723; x_wconf 85' lang='lat' dir='ltr'><strong>iocusbuj&#39;usmodi</strong></span> <span class='ocrx_word' id='word_1_142' title='bbox 471 1649 754 1727; x_wconf 76' lang='lat' dir='ltr'><strong>dispensationibus,</strong></span> <span class='ocrx_word' id='word_1_143' title='bbox 765 1647 885 1709; x_wconf 78' lang='lat' dir='ltr'><strong>duremr</strong></span> <span class='ocrx_word' id='word_1_144' title='bbox 895 1667 962 1709; x_wconf 82' lang='lat' dir='ltr'><strong>anso</strong></span> <span class='ocrx_word' id='word_1_145' title='bbox 973 1651 1138 1714; x_wconf 76' lang='lat' dir='ltr'><strong>celebrandi</strong></span> 
     </span>
     <span class='ocr_line' id='line_1_19' title="bbox 139 1732 1138 1813; baseline 0.007 -21"><span class='ocrx_word' id='word_1_146' title='bbox 139 1733 275 1811; x_wconf 88' lang='lat' dir='ltr'><strong>quotidie</strong></span> <span class='ocrx_word' id='word_1_147' title='bbox 296 1733 482 1793; x_wconf 89' lang='lat' dir='ltr'><strong>matrimonia</strong></span> <span class='ocrx_word' id='word_1_148' title='bbox 506 1736 587 1793; x_wconf 81' lang='lat' dir='ltr'><strong>oratio</strong></span> <span class='ocrx_word' id='word_1_149' title='bbox 609 1735 665 1793; x_wconf 92' lang='lat' dir='ltr'><strong>sub</strong></span> <span class='ocrx_word' id='word_1_150' title='bbox 688 1751 741 1813; x_wconf 89' lang='lat' dir='ltr'><strong>spe</strong></span> <span class='ocrx_word' id='word_1_151' title='bbox 763 1732 994 1810; x_wconf 78' lang='lat' dir='ltr'><strong>dispensationis.</strong></span> <span class='ocrx_word' id='word_1_152' title='bbox 1015 1738 1138 1799; x_wconf 82' lang='lat' dir='ltr'><strong>Proster-</strong></span> 
     </span>
     <span class='ocr_line' id='line_1_20' title="bbox 140 1814 1137 1899; baseline 0.008 -26"><span class='ocrx_word' id='word_1_153' title='bbox 140 1834 229 1894; x_wconf 90' lang='lat' dir='ltr'><strong>quam</strong></span> <span class='ocrx_word' id='word_1_154' title='bbox 243 1814 324 1894; x_wconf 79' lang='lat' dir='ltr'><strong>quod</strong></span> <span class='ocrx_word' id='word_1_155' title='bbox 337 1817 503 1877; x_wconf 83' lang='lat' dir='ltr'><strong>Tridentin.</strong></span> <span class='ocrx_word' id='word_1_156' title='bbox 523 1821 597 1878; x_wconf 84' lang='lat' dir='ltr'><strong>Sese.</strong></span> <span class='ocrx_word' id='word_1_157' title='bbox 613 1820 662 1878; x_wconf 75' lang='lat' dir='ltr'><strong>ut.</strong></span> <span class='ocrx_word' id='word_1_158' title='bbox 679 1836 745 1898; x_wconf 88' lang='lat' dir='ltr'><strong>cap.</strong></span> <span class='ocrx_word' id='word_1_159' title='bbox 764 1818 793 1877; x_wconf 76' lang='lat' dir='ltr'><strong>b.</strong></span> <span class='ocrx_word' id='word_1_160' title='bbox 809 1820 873 1879; x_wconf 89' lang='lat' dir='ltr'><strong>vult</strong></span> <span class='ocrx_word' id='word_1_161' title='bbox 893 1820 1015 1882; x_wconf 74' lang='lat' dir='ltr'><strong>omnini</strong></span> <span class='ocrx_word' id='word_1_162' title='bbox 1027 1823 1137 1899; x_wconf 78' lang='lat' dir='ltr'><strong>privari</strong></span> 
     </span>
     <span class='ocr_line' id='line_1_21' title="bbox 138 1900 1139 1979; baseline 0.006 -22"><span class='ocrx_word' id='word_1_163' title='bbox 138 1901 329 1977; x_wconf 79' lang='lat' dir='ltr'><strong>qudcumque</strong></span> <span class='ocrx_word' id='word_1_164' title='bbox 345 1916 397 1976; x_wconf 89' lang='lat' dir='ltr'><strong>spe</strong></span> <span class='ocrx_word' id='word_1_165' title='bbox 415 1900 639 1978; x_wconf 89' lang='lat' dir='ltr'><strong>dispensationis</strong></span> <span class='ocrx_word' id='word_1_166' title='bbox 659 1902 838 1979; x_wconf 80' lang='lat' dir='ltr'><strong>quicumque</strong></span> <span class='ocrx_word' id='word_1_167' title='bbox 852 1903 980 1962; x_wconf 89' lang='lat' dir='ltr'><strong>scienter</strong></span> <span class='ocrx_word' id='word_1_168' title='bbox 991 1904 1139 1965; x_wconf 78' lang='lat' dir='ltr'><strong>contrabit</strong></span> 
     </span>
     <span class='ocr_line' id='line_1_22' title="bbox 139 1981 1139 2061; baseline 0.006 -19"><span class='ocrx_word' id='word_1_169' title='bbox 139 1985 173 2043; x_wconf 91' lang='lat' dir='ltr'><strong>in</strong></span> <span class='ocrx_word' id='word_1_170' title='bbox 189 1984 283 2060; x_wconf 79' lang='lat' dir='ltr'><strong>gradu</strong></span> <span class='ocrx_word' id='word_1_171' title='bbox 303 1981 462 2061; x_wconf 89' lang='lat' dir='ltr'><strong>prohibito.</strong></span> <span class='ocrx_word' id='word_1_172' title='bbox 474 1985 644 2046; x_wconf 78' lang='lat' dir='ltr'><strong>Notandum</strong></span> <span class='ocrx_word' id='word_1_173' title='bbox 664 1994 761 2046; x_wconf 86' lang='lat' dir='ltr'><strong>tamen</strong></span> <span class='ocrx_word' id='word_1_174' title='bbox 785 2003 852 2044; x_wconf 92' lang='lat' dir='ltr'><strong>oum</strong></span> <span class='ocrx_word' id='word_1_175' title='bbox 869 1985 978 2046; x_wconf 72' lang='lat' dir='ltr'><strong>Scaeis,</strong></span> <span class='ocrx_word' id='word_1_176' title='bbox 1000 1985 1139 2048; x_wconf 62' lang='lat' dir='ltr'><strong>&amp;tman-</strong></span> 
     </span>
     <span class='ocr_line' id='line_1_23' title="bbox 140 2069 1139 2149; baseline 0.006 -21"><span class='ocrx_word' id='word_1_177' title='bbox 140 2070 242 2130; x_wconf 86' lang='lat' dir='ltr'><strong>tieeas.</strong></span> <span class='ocrx_word' id='word_1_178' title='bbox 259 2069 363 2130; x_wconf 86' lang='lat' dir='ltr'><strong>Buau.</strong></span> <span class='ocrx_word' id='word_1_179' title='bbox 386 2069 502 2130; x_wconf 79' lang='lat' dir='ltr'><strong>Coacta.</strong></span> <span class='ocrx_word' id='word_1_180' title='bbox 523 2074 652 2143; x_wconf 76' lang='lat' dir='ltr'><strong>Averso,</strong></span> <span class='ocrx_word' id='word_1_181' title='bbox 668 2080 723 2132; x_wconf 89' lang='lat' dir='ltr'><strong>ete.</strong></span> <span class='ocrx_word' id='word_1_182' title='bbox 748 2069 828 2149; x_wconf 80' lang='lat' dir='ltr'><strong>quod</strong></span> <span class='ocrx_word' id='word_1_183' title='bbox 850 2069 887 2130; x_wconf 90' lang='lat' dir='ltr'><strong>ad</strong></span> <span class='ocrx_word' id='word_1_184' title='bbox 906 2071 1139 2134; x_wconf 89' lang='lat' dir='ltr'><strong>constituendam</strong></span> 
     </span>
     <span class='ocr_line' id='line_1_24' title="bbox 140 2150 1139 2232; baseline 0.003 -18"><span class='ocrx_word' id='word_1_185' title='bbox 140 2154 173 2214; x_wconf 87' lang='lat' dir='ltr'><strong>in</strong></span> <span class='ocrx_word' id='word_1_186' title='bbox 188 2150 246 2212; x_wconf 92' lang='lat' dir='ltr'><strong>boe</strong></span> <span class='ocrx_word' id='word_1_187' title='bbox 263 2169 330 2213; x_wconf 89' lang='lat' dir='ltr'><strong>oasu</strong></span> <span class='ocrx_word' id='word_1_188' title='bbox 349 2153 455 2213; x_wconf 90' lang='lat' dir='ltr'><strong>mulam</strong></span> <span class='ocrx_word' id='word_1_189' title='bbox 474 2153 583 2225; x_wconf 81' lang='lat' dir='ltr'><strong>odem,</strong></span> <span class='ocrx_word' id='word_1_190' title='bbox 597 2164 731 2232; x_wconf 79' lang='lat' dir='ltr'><strong>oportet,</strong></span> <span class='ocrx_word' id='word_1_191' title='bbox 746 2164 780 2214; x_wconf 89' lang='lat' dir='ltr'><strong>ut</strong></span> <span class='ocrx_word' id='word_1_192' title='bbox 790 2152 965 2214; x_wconf 89' lang='lat' dir='ltr'><strong>contrahens</strong></span> <span class='ocrx_word' id='word_1_193' title='bbox 978 2172 1037 2214; x_wconf 92' lang='lat' dir='ltr'><strong>non</strong></span> <span class='ocrx_word' id='word_1_194' title='bbox 1051 2155 1139 2218; x_wconf 87' lang='lat' dir='ltr'><strong>modd</strong></span> 
     </span>
     <span class='ocr_line' id='line_1_25' title="bbox 139 2236 1139 2315; baseline 0.004 -20"><span class='ocrx_word' id='word_1_195' title='bbox 139 2236 267 2295; x_wconf 85' lang='lat' dir='ltr'><strong>scienter</strong></span> <span class='ocrx_word' id='word_1_196' title='bbox 289 2236 399 2296; x_wconf 77' lang='lat' dir='ltr'><strong>tectum</strong></span> <span class='ocrx_word' id='word_1_197' title='bbox 425 2238 626 2312; x_wconf 85' lang='lat' dir='ltr'><strong>commiserit,</strong></span> <span class='ocrx_word' id='word_1_198' title='bbox 650 2237 730 2315; x_wconf 90' lang='lat' dir='ltr'><strong>quod</strong></span> <span class='ocrx_word' id='word_1_199' title='bbox 755 2238 864 2299; x_wconf 86' lang='lat' dir='ltr'><strong>seilicet</strong></span> <span class='ocrx_word' id='word_1_200' title='bbox 890 2255 958 2297; x_wconf 89' lang='lat' dir='ltr'><strong>cum</strong></span> <span class='ocrx_word' id='word_1_201' title='bbox 983 2237 1139 2314; x_wconf 84' lang='lat' dir='ltr'><strong>conjuncta</strong></span> 
     </span>
     <span class='ocr_line' id='line_1_26' title="bbox 139 2317 1139 2399; baseline 0.003 -20"><span class='ocrx_word' id='word_1_202' title='bbox 139 2319 341 2391; x_wconf 83' lang='lat' dir='ltr'><strong>contraxerit,</strong></span> <span class='ocrx_word' id='word_1_203' title='bbox 354 2317 540 2398; x_wconf 87' lang='lat' dir='ltr'><strong>sed‘insuper</strong></span> <span class='ocrx_word' id='word_1_204' title='bbox 554 2320 633 2398; x_wconf 83' lang='lat' dir='ltr'><strong>qud</strong></span> <span class='ocrx_word' id='word_1_205' title='bbox 652 2320 788 2392; x_wconf 85' lang='lat' dir='ltr'><strong>sciverit,</strong></span> <span class='ocrx_word' id='word_1_206' title='bbox 800 2321 929 2382; x_wconf 83' lang='lat' dir='ltr'><strong>extitisse</strong></span> <span class='ocrx_word' id='word_1_207' title='bbox 944 2321 1139 2399; x_wconf 83' lang='lat' dir='ltr'><strong>impedimen·</strong></span> 
     </span>
     <span class='ocr_line' id='line_1_27' title="bbox 138 2399 1139 2480; baseline 0.004 -17"><span class='ocrx_word' id='word_1_208' title='bbox 138 2411 226 2474; x_wconf 93' lang='lat' dir='ltr'><strong>tum,</strong></span> <span class='ocrx_word' id='word_1_209' title='bbox 241 2399 325 2472; x_wconf 82' lang='lat' dir='ltr'><strong>imb,</strong></span> <span class='ocrx_word' id='word_1_210' title='bbox 340 2400 421 2480; x_wconf 81' lang='lat' dir='ltr'><strong>quiid</strong></span> <span class='ocrx_word' id='word_1_211' title='bbox 439 2402 477 2462; x_wconf 86' lang='lat' dir='ltr'><strong>de</strong></span> <span class='ocrx_word' id='word_1_212' title='bbox 491 2420 526 2463; x_wconf 88' lang='lat' dir='ltr'><strong>eo</strong></span> <span class='ocrx_word' id='word_1_213' title='bbox 544 2421 644 2465; x_wconf 84' lang='lat' dir='ltr'><strong>verum</strong></span> <span class='ocrx_word' id='word_1_214' title='bbox 658 2405 794 2464; x_wconf 72' lang='lat' dir='ltr'><strong>notitiam</strong></span> <span class='ocrx_word' id='word_1_215' title='bbox 811 2402 1139 2480; x_wconf 81' lang='lat' dir='ltr'><strong>babuerit3Concilium</strong></span> 
     </span>
     <span class='ocr_line' id='line_1_28' title="bbox 138 2484 1186 2566; baseline 0.002 -21"><span class='ocrx_word' id='word_1_216' title='bbox 138 2486 223 2545; x_wconf 88' lang='lat' dir='ltr'><strong>enim</strong></span> <span class='ocrx_word' id='word_1_217' title='bbox 243 2484 341 2562; x_wconf 89' lang='lat' dir='ltr'><strong>inquit</strong></span> <span class='ocrx_word' id='word_1_218' title='bbox 360 2504 369 2543; x_wconf 80' lang='lat' dir='ltr'><strong>r</strong></span> <span class='ocrx_word' id='word_1_219' title='bbox 390 2485 512 2546; x_wconf 79' lang='lat' dir='ltr'><strong>scienter</strong></span> <span class='ocrx_word' id='word_1_220' title='bbox 527 2485 756 2566; x_wconf 74' lang='lat' dir='ltr'><strong>presumpserit.</strong></span> <span class='ocrx_word' id='word_1_221' title='bbox 779 2485 862 2545; x_wconf 86' lang='lat' dir='ltr'><strong>Unde</strong></span> <span class='ocrx_word' id='word_1_222' title='bbox 882 2503 951 2544; x_wconf 90' lang='lat' dir='ltr'><strong>eum</strong></span> <span class='ocrx_word' id='word_1_223' title='bbox 973 2487 1140 2562; x_wconf 73' lang='lat' dir='ltr'><strong>ignorantie</strong></span> <span class='ocrx_word' id='word_1_224' title='bbox 1183 2488 1186 2493; x_wconf 83' lang='lat'>&#39;</span> 
     </span>
     <span class='ocr_line' id='line_1_29' title="bbox 138 2568 1141 2647; baseline 0 -19"><span class='ocrx_word' id='word_1_225' title='bbox 138 2575 353 2647; x_wconf 82' lang='lat' dir='ltr'><strong>crassapotest</strong></span> <span class='ocrx_word' id='word_1_226' title='bbox 369 2568 489 2645; x_wconf 87' lang='lat' dir='ltr'><strong>quidem</strong></span> <span class='ocrx_word' id='word_1_227' title='bbox 504 2569 678 2646; x_wconf 89' lang='lat' dir='ltr'><strong>dispensari.</strong></span> <span class='ocrx_word' id='word_1_228' title='bbox 696 2568 871 2644; x_wconf 76' lang='lat' dir='ltr'><strong>Denegando</strong></span> <span class='ocrx_word' id='word_1_229' title='bbox 889 2576 934 2626; x_wconf 90' lang='lat' dir='ltr'><strong>est</strong></span> <span class='ocrx_word' id='word_1_230' title='bbox 951 2568 1071 2644; x_wconf 89' lang='lat' dir='ltr'><strong>insuper</strong></span> <span class='ocrx_word' id='word_1_231' title='bbox 1081 2568 1141 2628; x_wconf 87' lang='lat' dir='ltr'><strong>dis·</strong></span> 
     </span>
     <span class='ocr_line' id='line_1_30' title="bbox 137 2650 1141 2730; baseline -0.001 -20"><span class='ocrx_word' id='word_1_232' title='bbox 137 2651 275 2730; x_wconf 85' lang='lat' dir='ltr'><strong>pensatio</strong></span> <span class='ocrx_word' id='word_1_233' title='bbox 295 2651 323 2712; x_wconf 89' lang='lat' dir='ltr'><strong>ei</strong></span> <span class='ocrx_word' id='word_1_234' title='bbox 344 2654 395 2728; x_wconf 91' lang='lat' dir='ltr'><strong>qui</strong></span> <span class='ocrx_word' id='word_1_235' title='bbox 417 2653 581 2722; x_wconf 82' lang='lat' dir='ltr'><strong>contraxit,</strong></span> <span class='ocrx_word' id='word_1_236' title='bbox 597 2651 648 2710; x_wconf 92' lang='lat' dir='ltr'><strong>sed</strong></span> <span class='ocrx_word' id='word_1_237' title='bbox 661 2668 698 2710; x_wconf 80' lang='lat' dir='ltr'><strong>ex</strong></span> <span class='ocrx_word' id='word_1_238' title='bbox 710 2651 821 2709; x_wconf 89' lang='lat' dir='ltr'><strong>malitia</strong></span> <span class='ocrx_word' id='word_1_239' title='bbox 838 2650 1051 2727; x_wconf 78' lang='lat' dir='ltr'><strong>publicationes</strong></span> <span class='ocrx_word' id='word_1_240' title='bbox 1065 2666 1141 2726; x_wconf 78' lang='lat' dir='ltr'><strong>prse-</strong></span> 
     </span>
     <span class='ocr_line' id='line_1_31' title="bbox 138 2729 1139 2811; baseline 0 -17"><span class='ocrx_word' id='word_1_241' title='bbox 138 2734 290 2811; x_wconf 83' lang='lat' dir='ltr'><strong>termisit,</strong></span> <span class='ocrx_word' id='word_1_242' title='bbox 313 2742 348 2795; x_wconf 87' lang='lat' dir='ltr'><strong>ut</strong></span> <span class='ocrx_word' id='word_1_243' title='bbox 370 2733 496 2797; x_wconf 84' lang='lat' dir='ltr'><strong>babetur</strong></span> <span class='ocrx_word' id='word_1_244' title='bbox 515 2752 552 2795; x_wconf 83' lang='lat' dir='ltr'><strong>ex</strong></span> <span class='ocrx_word' id='word_1_245' title='bbox 573 2734 678 2797; x_wconf 91' lang='lat' dir='ltr'><strong>eodem</strong></span> <span class='ocrx_word' id='word_1_246' title='bbox 699 2731 832 2794; x_wconf 83' lang='lat' dir='ltr'><strong>Concilio</strong></span> <span class='ocrx_word' id='word_1_247' title='bbox 851 2729 906 2794; x_wconf 85' lang='lat' dir='ltr'><strong>loe.</strong></span> <span class='ocrx_word' id='word_1_248' title='bbox 930 2731 978 2793; x_wconf 85' lang='lat' dir='ltr'><strong>eit.</strong></span> <span class='ocrx_word' id='word_1_249' title='bbox 997 2730 1068 2796; x_wconf 72' lang='lat' dir='ltr'><strong>vide</strong></span> <span class='ocrx_word' id='word_1_250' title='bbox 1088 2729 1139 2796; x_wconf 77' lang='lat' dir='ltr'><strong>tib.</strong></span> 
     </span>
    </p>
   </div>
   <div class='ocr_carea' id='block_1_3' title="bbox 138 2818 1232 2978">
    <p class='ocr_par' dir='ltr' id='par_1_3' title="bbox 138 2818 1232 2978">
     <span class='ocr_line' id='line_1_32' title="bbox 138 2818 1232 2978; baseline 0.003 -17"><span class='ocrx_word' id='word_1_251' title='bbox 138 2818 332 2962; x_wconf 32' lang='lat' dir='ltr'><strong>obvii-ipsi</strong></span> <span class='ocrx_word' id='word_1_252' title='bbox 351 2898 423 2961; x_wconf 84' lang='lat' dir='ltr'><strong>verb</strong></span> <span class='ocrx_word' id='word_1_253' title='bbox 439 2901 662 2963; x_wconf 86' lang='lat' dir='ltr'><strong>matrimonium</strong></span> <span class='ocrx_word' id='word_1_254' title='bbox 684 2918 745 2962; x_wconf 90' lang='lat' dir='ltr'><strong>non</strong></span> <span class='ocrx_word' id='word_1_255' title='bbox 762 2898 858 2961; x_wconf 85' lang='lat' dir='ltr'><strong>adbuc</strong></span> <span class='ocrx_word' id='word_1_256' title='bbox 876 2904 1057 2963; x_wconf 89' lang='lat' dir='ltr'><strong>contractum</strong></span> <span class='ocrx_word' id='word_1_257' title='bbox 1080 2902 1139 2978; x_wconf 91' lang='lat' dir='ltr'><strong>sit,</strong></span> <span class='ocrx_word' id='word_1_258' title='bbox 1228 2912 1232 2919; x_wconf 81' lang='grc'><em>’</em></span> 
     </span>
    </p>
   </div>
   <div class='ocr_carea' id='block_1_4' title="bbox 134 2982 1172 3649">
    <p class='ocr_par' dir='ltr' id='par_1_4' title="bbox 134 2982 1172 3649">
     <span class='ocr_line' id='line_1_33' title="bbox 137 2982 1139 3067; baseline 0.005 -23"><span class='ocrx_word' id='word_1_259' title='bbox 137 2982 377 3067; x_wconf 79' lang='lat' dir='ltr'><strong>probabilissima</strong></span> <span class='ocrx_word' id='word_1_260' title='bbox 397 3000 515 3062; x_wconf 90' lang='lat' dir='ltr'><strong>quoque</strong></span> <span class='ocrx_word' id='word_1_261' title='bbox 537 2986 618 3046; x_wconf 88' lang='lat' dir='ltr'><strong>adest</strong></span> <span class='ocrx_word' id='word_1_262' title='bbox 643 2985 808 3056; x_wconf 82' lang='lat' dir='ltr'><strong>sententis,</strong></span> <span class='ocrx_word' id='word_1_263' title='bbox 835 2993 865 3047; x_wconf 87' lang='lat' dir='ltr'><strong>et</strong></span> <span class='ocrx_word' id='word_1_264' title='bbox 889 2994 934 3045; x_wconf 88' lang='lat' dir='ltr'><strong>est</strong></span> <span class='ocrx_word' id='word_1_265' title='bbox 955 2988 1139 3063; x_wconf 87' lang='lat' dir='ltr'><strong>eommunis,</strong></span> 
     </span>
     <span class='ocr_line' id='line_1_34' title="bbox 138 3067 1172 3150; baseline 0.007 -22"><span class='ocrx_word' id='word_1_266' title='bbox 138 3067 224 3148; x_wconf 79' lang='lat' dir='ltr'><strong>quod</strong></span> <span class='ocrx_word' id='word_1_267' title='bbox 241 3068 332 3147; x_wconf 86' lang='lat' dir='ltr'><strong>possit</strong></span> <span class='ocrx_word' id='word_1_268' title='bbox 347 3076 418 3128; x_wconf 88' lang='lat' dir='ltr'><strong>tune</strong></span> <span class='ocrx_word' id='word_1_269' title='bbox 436 3069 593 3147; x_wconf 83' lang='lat' dir='ltr'><strong>Episcopus</strong></span> <span class='ocrx_word' id='word_1_270' title='bbox 608 3068 778 3147; x_wconf 88' lang='lat' dir='ltr'><strong>dispensare</strong></span> <span class='ocrx_word' id='word_1_271' title='bbox 795 3069 826 3133; x_wconf 91' lang='lat' dir='ltr'><strong>in</strong></span> <span class='ocrx_word' id='word_1_272' title='bbox 844 3069 1055 3150; x_wconf 87' lang='lat' dir='ltr'><strong>impedimento</strong></span> <span class='ocrx_word' id='word_1_273' title='bbox 1067 3072 1141 3135; x_wconf 86' lang='lat' dir='ltr'><strong>diri·</strong></span> <span class='ocrx_word' id='word_1_274' title='bbox 1166 3100 1172 3108; x_wconf 95' lang='lat'><strong>·</strong></span> 
     </span>
     <span class='ocr_line' id='line_1_35' title="bbox 137 3150 1141 3230; baseline 0.004 -16"><span class='ocrx_word' id='word_1_275' title='bbox 137 3152 257 3224; x_wconf 87' lang='lat' dir='ltr'><strong>menti,</strong></span> <span class='ocrx_word' id='word_1_276' title='bbox 270 3150 391 3230; x_wconf 89' lang='lat' dir='ltr'><strong>quondo</strong></span> <span class='ocrx_word' id='word_1_277' title='bbox 405 3151 540 3213; x_wconf 87' lang='lat' dir='ltr'><strong>imminet</strong></span> <span class='ocrx_word' id='word_1_278' title='bbox 560 3152 724 3229; x_wconf 88' lang='lat' dir='ltr'><strong>perieulum</strong></span> <span class='ocrx_word' id='word_1_279' title='bbox 741 3154 892 3225; x_wconf 79' lang='lat' dir='ltr'><strong>infamiae,</strong></span> <span class='ocrx_word' id='word_1_280' title='bbox 913 3163 943 3215; x_wconf 89' lang='lat' dir='ltr'><strong>et</strong></span> <span class='ocrx_word' id='word_1_281' title='bbox 962 3157 1054 3218; x_wconf 78' lang='lat' dir='ltr'><strong>facilis</strong></span> <span class='ocrx_word' id='word_1_282' title='bbox 1080 3174 1141 3218; x_wconf 91' lang='lat' dir='ltr'><strong>nou</strong></span> 
     </span>
     <span class='ocr_line' id='line_1_36' title="bbox 137 3234 1141 3317; baseline 0 -19"><span class='ocrx_word' id='word_1_283' title='bbox 137 3246 185 3308; x_wconf 84' lang='lat' dir='ltr'><strong>est</strong></span> <span class='ocrx_word' id='word_1_284' title='bbox 202 3253 339 3297; x_wconf 87' lang='lat' dir='ltr'><strong>recursus</strong></span> <span class='ocrx_word' id='word_1_285' title='bbox 357 3234 395 3296; x_wconf 87' lang='lat' dir='ltr'><strong>ud</strong></span> <span class='ocrx_word' id='word_1_286' title='bbox 415 3236 610 3312; x_wconf 82' lang='lat' dir='ltr'><strong>Pontificem3</strong></span> <span class='ocrx_word' id='word_1_287' title='bbox 630 3239 669 3299; x_wconf 90' lang='lat' dir='ltr'><strong>ita</strong></span> <span class='ocrx_word' id='word_1_288' title='bbox 688 3239 817 3311; x_wconf 75' lang='lat' dir='ltr'><strong>Suurez,</strong></span> <span class='ocrx_word' id='word_1_289' title='bbox 836 3237 1039 3317; x_wconf 81' lang='lat' dir='ltr'><strong>Pipuuteilus,</strong></span> <span class='ocrx_word' id='word_1_290' title='bbox 1061 3242 1141 3300; x_wconf 83' lang='lat' dir='ltr'><strong>Pon·</strong></span> 
     </span>
     <span class='ocr_line' id='line_1_37' title="bbox 137 3316 1142 3401; baseline -0.003 -22"><span class='ocrx_word' id='word_1_291' title='bbox 137 3320 225 3391; x_wconf 83' lang='lat' dir='ltr'><strong>tius‚</strong></span> <span class='ocrx_word' id='word_1_292' title='bbox 245 3317 392 3391; x_wconf 61' lang='lat' dir='ltr'><strong>Gonnum</strong></span> <span class='ocrx_word' id='word_1_293' title='bbox 415 3316 620 3390; x_wconf 79' lang='lat' dir='ltr'><strong>Cub‘ossutt&#39;us,</strong></span> <span class='ocrx_word' id='word_1_294' title='bbox 640 3320 773 3401; x_wconf 81' lang='lat' dir='ltr'><strong>Cestrop.</strong></span> <span class='ocrx_word' id='word_1_295' title='bbox 787 3316 879 3380; x_wconf 76' lang='lat' dir='ltr'><strong>Salas.</strong></span> <span class='ocrx_word' id='word_1_296' title='bbox 900 3325 1012 3381; x_wconf 81' lang='lat' dir='ltr'><strong>Bonae.</strong></span> <span class='ocrx_word' id='word_1_297' title='bbox 1034 3317 1142 3378; x_wconf 80' lang='lat' dir='ltr'><strong>Corde-</strong></span> 
     </span>
     <span class='ocr_line' id='line_1_38' title="bbox 136 3397 1141 3480; baseline -0.008 -17"><span class='ocrx_word' id='word_1_298' title='bbox 136 3419 221 3473; x_wconf 75' lang='lat' dir='ltr'><strong>uus,</strong></span> <span class='ocrx_word' id='word_1_299' title='bbox 237 3397 371 3480; x_wconf 81' lang='lat' dir='ltr'><strong>Spiuius,</strong></span> <span class='ocrx_word' id='word_1_300' title='bbox 390 3400 434 3460; x_wconf 81' lang='lat' dir='ltr'><strong>Lu</strong></span> <span class='ocrx_word' id='word_1_301' title='bbox 448 3399 538 3460; x_wconf 79' lang='lat' dir='ltr'><strong>croix</strong></span> <span class='ocrx_word' id='word_1_302' title='bbox 550 3445 559 3473; x_wconf 91' lang='lat'><strong>,</strong></span> <span class='ocrx_word' id='word_1_303' title='bbox 573 3401 666 3479; x_wconf 81' lang='lat' dir='ltr'><strong>Viuo,</strong></span> <span class='ocrx_word' id='word_1_304' title='bbox 680 3411 733 3463; x_wconf 86' lang='lat' dir='ltr'><strong>etc.</strong></span> <span class='ocrx_word' id='word_1_305' title='bbox 749 3421 815 3462; x_wconf 81' lang='lat' dir='ltr'><strong>curu</strong></span> <span class='ocrx_word' id='word_1_306' title='bbox 830 3398 1141 3465; x_wconf 63' lang='lat' dir='ltr'><strong>renascamur</strong></span> 
     </span>
     <span class='ocr_line' id='line_1_39' title="bbox 134 3481 1141 3567; baseline -0.012 -20"><span class='ocrx_word' id='word_1_307' title='bbox 134 3481 342 3567; x_wconf 65' lang='lat' dir='ltr'><strong>Spaosines.</strong></span> <span class='ocrx_word' id='word_1_308' title='bbox 357 3502 382 3545; x_wconf 86' lang='lat' dir='ltr'><strong>e.</strong></span> <span class='ocrx_word' id='word_1_309' title='bbox 396 3486 426 3547; x_wconf 71' lang='lat'><strong>2.</strong></span> <span class='ocrx_word' id='word_1_310' title='bbox 440 3502 472 3544; x_wconf 68' lang='lat' dir='ltr'><strong>aa</strong></span> <span class='ocrx_word' id='word_1_311' title='bbox 486 3486 515 3546; x_wconf 67' lang='lat'><strong>9.</strong></span> <span class='ocrx_word' id='word_1_312' title='bbox 530 3496 631 3547; x_wconf 85' lang='lat' dir='ltr'><strong>eontra</strong></span> <span class='ocrx_word' id='word_1_313' title='bbox 646 3487 859 3564; x_wconf 75' lang='lat' dir='ltr'><strong>rigidissimum</strong></span> <span class='ocrx_word' id='word_1_314' title='bbox 876 3488 1069 3564; x_wconf 69' lang='lat' dir='ltr'><strong>rapsacem,</strong></span> <span class='ocrx_word' id='word_1_315' title='bbox 1089 3481 1141 3555; x_wconf 89' lang='lat' dir='ltr'><strong>qui</strong></span> 
     </span>
     <span class='ocr_line' id='line_1_40' title="bbox 136 3561 1142 3649; baseline -0.01 -17"><span class='ocrx_word' id='word_1_316' title='bbox 136 3572 172 3632; x_wconf 89' lang='lat' dir='ltr'><strong>id</strong></span> <span class='ocrx_word' id='word_1_317' title='bbox 194 3577 285 3647; x_wconf 77' lang='lat' dir='ltr'><strong>negat</strong></span> <span class='ocrx_word' id='word_1_318' title='bbox 306 3569 395 3634; x_wconf 78' lang='lat' dir='ltr'><strong>etiem</strong></span> <span class='ocrx_word' id='word_1_319' title='bbox 411 3570 444 3630; x_wconf 91' lang='lat' dir='ltr'><strong>iu</strong></span> <span class='ocrx_word' id='word_1_320' title='bbox 466 3570 570 3633; x_wconf 84' lang='lat' dir='ltr'><strong>mortis</strong></span> <span class='ocrx_word' id='word_1_321' title='bbox 587 3570 740 3649; x_wconf 87' lang='lat' dir='ltr'><strong>periculo,</strong></span> <span class='ocrx_word' id='word_1_322' title='bbox 758 3577 788 3627; x_wconf 85' lang='lat' dir='ltr'><strong>ct</strong></span> <span class='ocrx_word' id='word_1_323' title='bbox 807 3568 839 3626; x_wconf 89' lang='lat' dir='ltr'><strong>in</strong></span> <span class='ocrx_word' id='word_1_324' title='bbox 858 3566 1025 3629; x_wconf 83' lang='lat' dir='ltr'><strong>necessitate</strong></span> <span class='ocrx_word' id='word_1_325' title='bbox 1045 3561 1142 3641; x_wconf 73' lang='lat' dir='ltr'><strong>legiti-</strong></span> 
     </span>
    </p>
   </div>
   <div class='ocr_carea' id='block_1_5' title="bbox 0 0 1327 4150">
    <p class='ocr_par' dir='ltr' id='par_1_5' title="bbox 0 0 1327 4150">
     <span class='ocr_line' id='line_1_41' title="bbox 0 0 1327 4150; baseline 0 0"><span class='ocrx_word' id='word_1_326' title='bbox 0 0 1327 4150; x_wconf 95' lang='lat' dir='ltr'><strong> </strong></span> 
     </span>
    </p>
   </div>
  </div>
 </body>
</html>
