2642 4150
172 222 211 286 rt
373 217 419 280 lle
437 231 628 280 maranorum
644 209 760 293 Positis.
776 210 916 285 deame,
929 212 981 273 cle.

148 370 152 375 .
172 330 204 384 et
221 320 374 384 incursum
392 335 475 388 esse,
492 316 701 394 licentiamque
718 311 888 392 hujusmodi
910 311 1089 391 cuicumque
1107 331 1182 378 ceu.

173 395 1180 478 ecsamnutlomcdcsuttcagnri,atquanuttiusmnmcnttperindt,

172 508 207 552 ac
218 489 243 550 si
259 485 384 550 minimi
402 501 536 547 concessa
550 483 671 555 luisset,
686 483 750 562 ipso
769 481 847 544 iacto
866 480 931 542 lore
942 523 952 554 ,
965 490 996 542 et
1008 478 1130 557 baberi,
1146 503 1181 545 ac
1233 490 1236 494 ’

173 581 316 654 poenaset
327 589 465 634 censuras
482 568 687 631 ecclesiasticas
701 568 766 645 ipso
784 566 873 628 etiam
885 565 978 643 laeto,
1000 574 1036 627 ut
1049 570 1181 645 premit-

173 660 269 731 titur,
290 675 344 738 per
361 654 617 716 eontrulaeieutcm
639 652 752 713 incurri
773 658 803 713 et
825 649 958 712 incursas
980 668 1053 711 csse.
1071 652 1181 714 Decer-

174 751 280 804 nentes
305 739 421 802 casdem
435 747 593 818 praesentes
615 736 755 809 litteras,
778 742 810 795 et
827 735 860 795 in
878 732 920 793 eis
942 743 1078 798 contenta
1099 754 1181 813 quae·

173 843 319 903 eumque,
333 823 422 885 etium
435 839 535 895 exeo,
555 819 635 899 qubd
651 819 832 899 quicumque
854 818 888 878 in
909 820 1069 896 premissis
1087 822 1182 884 inter·

174 927 237 971 esse
255 907 415 981 habentes,
441 924 493 967 scu
512 904 621 967 habere
638 902 861 983 quomodolibet
880 903 1112 981 pretendentes,
1134 923 1182 968 eu

171 992 265 1071 jusula
286 992 397 1066 statiis,
415 990 540 1070 graduis,
562 989 697 1061 ordinis,
720 986 953 1066 proeminentiee
975 996 1006 1049 et
1027 989 1181 1068 dignitatis

117 1075 121 1080 '
175 1077 320 1151 existant,
334 1095 386 1138 seu
403 1074 461 1136 alid
482 1073 617 1154 specilied
629 1082 660 1134 et
677 1071 831 1133 individui
849 1072 1001 1133 mentione
1019 1082 1050 1135 et
1062 1091 1183 1152 expres·

175 1160 257 1223 sione
272 1161 373 1240 digni,
393 1159 453 1220 illis
465 1176 526 1219 non
538 1158 760 1229 consenserint,
773 1173 828 1215 nec
849 1155 887 1214 ad
904 1172 939 1215 ea
955 1157 1067 1231 vocati,
1080 1157 1180 1235 citati,

175 1252 207 1304 et
220 1246 333 1319 auditi,
345 1260 514 1321 causaque,
528 1249 650 1321 propter
663 1257 735 1319 quas
749 1247 907 1319 presentes
919 1242 1106 1319 emanarint,
1120 1247 1183 1305 sul·

177 1328 313 1391 ficienter
330 1329 478 1400 adduetae,
493 1327 669 1399 verilieatee,
680 1334 712 1385 et
727 1323 893 1400 justificatae
910 1341 971 1386 nou
988 1325 1118 1400 luerint,
1131 1339 1183 1390 aut

177 1432 214 1476 cx
234 1415 292 1476 alia
315 1413 448 1492 qualibet
466 1412 556 1472 etiarn
583 1409 774 1489 quantumvis
797 1407 925 1484 juridica
945 1417 976 1470 et
998 1411 1183 1491 privilegiata

177 1518 283 1573 eausa,
306 1500 425 1570 colore,
450 1503 592 1577 pretextu
612 1505 643 1556 et
661 1497 774 1574 capite,
796 1495 887 1555 etiam
910 1495 941 1555 in
963 1514 1086 1575 corpore
1105 1498 1184 1575 juris

176 1587 293 1663 clauso,
308 1585 397 1647 etiam
407 1583 555 1652 enormis,
566 1581 780 1642 enormissimae
794 1588 825 1639 ct
834 1580 930 1639 totalis
942 1581 1087 1655 laesionis,
1098 1584 1183 1646 nullo

177 1688 320 1749 umquam
335 1679 469 1747 tempore
487 1665 524 1727 de
535 1666 734 1745 subreptionis
745 1709 754 1738 ,
767 1664 816 1725 vel
829 1664 1030 1744 obreptionis,
1048 1676 1100 1728 aut
1114 1671 1184 1731 nul·

176 1755 267 1816 litatis
285 1754 377 1827 vitio,
392 1761 443 1812 aut
455 1751 628 1811 intentionis
641 1760 768 1822 nostrae,
783 1749 830 1810 rel
850 1749 990 1810 interesse
1009 1748 1184 1816 habentium

178 1856 354 1910 consensus,
377 1837 472 1898 aliove
492 1835 733 1915 quomodolibet,
754 1835 844 1895 etiam
865 1837 1055 1912 quantumvis
1076 1856 1184 1917 magne

178 1932 210 1988 ct
220 1922 403 1985 substantiali
418 1939 470 1997 ,ne
482 1919 642 1998 incogitata
655 1963 664 1993 ,
679 1926 709 1979 et
723 1918 938 1995 inexcogitabili
953 1962 963 1992 ,
982 1919 1185 1983 individuam·

178 2026 238 2089 que
260 2008 476 2087 expressionem
506 2003 678 2083 requirente
707 2002 821 2063 delectu
852 2003 969 2078 notari,
993 2004 1184 2084 impugnari,

179 2093 323 2172 infringi,
342 2091 515 2163 retractari,
536 2090 568 2150 in
586 2090 816 2150 controversiam
835 2089 952 2162 vocari,
968 2099 1019 2150 aut
1031 2090 1069 2151 ad
1081 2094 1187 2154 termi-

179 2194 233 2238 nos
250 2175 326 2253 juris
347 2175 470 2247 reduci,
490 2192 542 2235 seu
561 2170 701 2233 adversius
722 2173 787 2232 illas
805 2171 976 2250 aperitionis
999 2173 1077 2248 oris,
1097 2178 1187 2237 resti-

178 2260 304 2322 tutionis
319 2260 352 2320 in
371 2259 542 2337 integrum,
562 2255 682 2316 nliudre
702 2254 909 2334 quodcumque
919 2254 1016 2333 juris,
1032 2256 1119 2332 laeti,
1137 2260 1187 2321 uel

179 2346 282 2425 gratiae
300 2343 466 2404 remedium
484 2342 651 2413 intentari,
667 2341 714 2401 rel
736 2341 910 2419 impetrari,
928 2350 981 2403 aut
1005 2342 1184 2421 impetrato,

179 2448 233 2492 seu
246 2430 336 2497 ctiam
354 2435 458 2501 motu,
481 2428 603 2488 seientia
625 2435 657 2487 et
678 2426 831 2504 potestatis
853 2425 1037 2503 plenitudine
1064 2429 1187 2506 paribus

180 2531 317 2577 concesso
338 2514 386 2574 vel
404 2520 539 2574 emanata
561 2514 732 2590 quempiam
750 2511 782 2572 in
798 2509 929 2587 judicio,
947 2511 994 2572 vel
1007 2522 1090 2573 extra
1110 2514 1186 2574 illud

180 2601 248 2672 uti,
270 2617 323 2659 seu
346 2617 379 2659 so
397 2597 504 2675 juvare
528 2598 590 2658 ullo
614 2597 704 2659 modo
725 2614 827 2674 posse,
849 2596 901 2656 sed
925 2596 1003 2676 ipsas
1028 2607 1187 2674 presentes

180 2687 293 2749 litteras
307 2701 424 2763 semper
441 2682 558 2752 firmm,
579 2681 708 2756 validas,
725 2691 756 2741 ct
771 2682 900 2741 efficaces
917 2681 1042 2742 existere
1058 2691 1089 2742 et
1102 2683 1185 2756 lore,

180 2787 307 2847 suosque
329 2768 476 2847 plenarios
496 2776 527 2828 et
549 2768 682 2845 integros
707 2765 829 2827 effeetus
850 2767 953 2828 sortiri
975 2776 1006 2828 et
1028 2766 1185 2840 obtinere,

181 2873 214 2915 ae
227 2853 266 2912 nb
281 2853 360 2923 illis,
377 2852 415 2911 ad
432 2869 506 2929 quos
524 2859 653 2930 spectat,
666 2860 697 2911 et
711 2868 767 2928 pro
788 2859 922 2929 tempore
938 2851 1188 2930 quandocumque
1302 2846 1303 2881 ³

180 2935 323 3016 spectabit
335 2935 544 2997 inviolabiliter
556 2945 585 2996 et
596 2934 768 2997 inconcusse
785 2935 954 3011 observari3
969 2937 1069 3014 sieque
1081 2945 1112 2996 et
1125 2953 1188 2997 non
1282 2992 1285 2999 ,
1302 3000 1303 3007 χ

110 3070 124 3081 4.
179 3021 267 3082 aliter
283 3020 316 3079 in
331 3020 488 3097 praemissis
500 3037 552 3098 per
563 3020 887 3098 quoscumquejudiees
897 3018 1189 3081 ordinariosetdelc·
1302 3026 1303 3087 t

180 3110 263 3182 gatos
273 3145 282 3175 ,
293 3103 383 3163 etiam
395 3121 547 3165 causarum
558 3103 660 3164 Palatii
674 3103 824 3182 apostolici
837 3101 1004 3177 auditores,
1017 3104 1187 3164 aeS.1bE.

181 3188 371 3261 Cardinales,
388 3191 477 3249 etiam
496 3188 534 3249 de
553 3189 645 3250 latere
654 3190 786 3268 legatos,
805 3198 836 3251 et
847 3188 931 3250 Sedis
948 3189 1096 3268 praedictae
1108 3208 1189 3252 nun·

180 3274 260 3345 tios,
275 3272 384 3333 aliosve
395 3273 541 3350 quoslibet
554 3273 738 3352 qudcumque
750 3273 973 3352 praeminentid
982 3316 990 3345 ,
999 3283 1029 3333 et
1042 3282 1191 3353 potestate

180 3357 695 3437 iungentesmtiuneturos,sublati
708 3358 768 3429 eis,
785 3367 815 3418 et
833 3375 938 3420 eorum
950 3358 1073 3419 cuilibet
1084 3361 1191 3438 quivis

180 3442 269 3503 aliter
288 3439 447 3519 judicandi,
461 3449 492 3502 et
516 3442 732 3520 interpretandi
752 3443 910 3517 facultate,
932 3453 964 3504 et
984 3445 1189 3516 auctoritate,

179 3523 307 3602 judicari
328 3535 359 3587 et
376 3524 494 3587 deliniri
517 3525 646 3599 debere,
670 3545 704 3586 ac
727 3527 849 3589 irritum
873 3535 905 3587 et
925 3527 1033 3601 inane,
1055 3528 1081 3587 si
1103 3525 1191 3588 sceris

180 3608 333 3690 superbis
351 3610 369 3674 i
389 3629 538 3701 quoquam
555 3611 657 3691 quiris
675 3613 847 3677 auctoritate
866 3612 1008 3689 scienter,
1031 3612 1080 3674 rel
1102 3614 1191 3693 igno-
