2642 4150
202 158 240 220 oo
414 157 660 225 Deromanoruuc
670 151 787 232 Pontis.
798 151 999 225 decr·etis,etc.

201 254 320 320 illorum
345 256 544 331 sermonibus,
564 256 620 337 qui
643 253 805 327 dictitant,
829 254 864 315 de
880 256 981 316 usuris
1002 255 1054 319 boc
1079 266 1202 341 ternpore

201 336 391 421 abactionem
413 341 553 410 institui,
578 357 644 417 qcrca
669 335 730 399 sobr
764 337 882 399 tramine
912 339 1114 418 contineatur,
1138 343 1203 404 caina

202 443 238 485 erc
259 425 407 504 pecunia,
434 441 501 504 qua
516 420 646 504 quodlibet
659 421 775 482 ratione
790 419 877 482 atteri
892 422 1073 496 conceditur,
1089 424 1204 505 [ructus

201 516 237 568 ut
258 507 423 587 piurinn'nn
439 514 634 586 comparetur.
655 506 779 566 Etenim
799 506 888 586 quim
912 503 1027 584 salsum
1045 507 1078 569 id
1097 509 1156 584 sit,
1176 517 1205 569 ct

201 592 221 650 b
240 593 361 652 veritate
380 587 511 651 abienune
521 634 531 665 ,
552 584 643 670 pioni
661 587 921 668 deprehendimus,
941 589 969 650 si
989 589 1203 671 perpendamus

201 683 343 733 naturane
371 672 462 734 uarius
492 673 656 732 contractis
678 671 715 732 ab
742 668 863 733 alterius
886 680 997 732 natura
1020 673 1142 753 prorsuis
1163 673 1203 735 di·

200 775 315 818 uersam
334 765 362 817 et
378 757 539 836 sejunctam
560 773 619 815 esse
629 779 640 830 ,·
666 762 694 814 et
713 757 879 834 capaciter
901 753 1063 836 discrepare
1082 773 1203 838 mappa·

200 842 268 920 pere
288 839 366 900 inter
393 857 446 910 se,
469 841 572 919 quaa
597 837 719 899 diuersis
745 839 822 898 inter
839 857 869 900 se
893 838 1088 902 contractibus
1107 858 1204 902 conse·

201 925 467 1019 quantur·.1ieoerb
487 921 643 982 discrimen
661 921 880 1001 apertissimum
902 922 1052 983 intercedit
1072 922 1204 1002 [ructuat

201 1015 301 1077 inter,
320 1006 375 1089 qui
384 1006 455 1088 jure
473 1003 552 1066 licito
567 1024 603 1065 ea
625 1006 753 1086 pecuma
770 1004 952 1076 desumitur,
974 1003 1094 1087 idebque
1108 1015 1204 1086 potest

201 1090 236 1150 in
252 1099 374 1170 utroque
387 1090 453 1171 [oro
474 1088 596 1150 retiniri
603 1113 615 1164 ,r
629 1107 665 1148 ac
679 1087 900 1168 fructut1r,qui
917 1107 953 1147 ene
964 1089 1089 1167 pecunia
1103 1088 1203 1150 illiciti

200 1172 391 1249 conciliatur,
415 1174 535 1254 idaeique
549 1171 612 1251 sori
635 1174 790 1252 utriusque
807 1172 922 1254 judicio
942 1172 1136 1237 restituendus
1154 1174 1203 1237 de-

201 1260 341 1319 cernitur.
370 1260 492 1320 Constat
511 1255 621 1335 ipitur,
646 1254 727 1316 baud
749 1256 869 1327 inanem
890 1255 925 1316 de
947 1255 1049 1318 usuris
1068 1258 1204 1338 quastio-

201 1358 268 1401 neuc
284 1342 337 1403 icoo
363 1350 487 1421 tarcpore
508 1338 636 1418 proponi
656 1339 691 1400 ab
707 1356 772 1399 earn
792 1358 932 1411 causans,
957 1337 1036 1420 quid
1057 1349 1092 1401 ut
1110 1341 1205 1421 pluri·

199 1426 282 1488 metm
307 1446 344 1489 eac
365 1425 516 1507 pecunia,
546 1442 612 1504 qua
640 1422 728 1486 alteri
756 1424 922 1500 tribuitur,
952 1422 1069 1503 fructas
1093 1423 1204 1507 aliquis
1301 1484 1302 1489 ,

200 1511 374 1589 excipiatur.
1028 1544 1034 1551 ·
1301 1564 1302 1585 ι

240 1597 308 1655 llaec
334 1592 520 1672 potissimium
540 1593 624 1655 vobis
652 1593 808 1654 indicanda
837 1592 1027 1659 censuimus,
1055 1600 1203 1671 sperantes
1301 1622 1302 1627 ι

200 1678 286 1746 sore,
309 1687 343 1737 nt
366 1677 510 1738 mandetis
532 1677 695 1738 executioni
724 1695 917 1756 quacumque
939 1695 992 1754 per
1014 1675 1067 1737 has
1093 1678 1204 1738 litteras

201 1759 323 1821 anobis
351 1760 607 1839 prascribuntur3
632 1764 807 1840 opportunis
829 1778 947 1839 quoque
971 1761 1109 1821 remediis
1134 1779 1203 1821 con·

201 1844 324 1916 saletis,
341 1842 385 1904 uti
411 1845 603 1917 confidimus,
617 1847 641 1905 si
662 1845 737 1906 sorti
763 1845 802 1906 ob
822 1845 898 1907 hanc
915 1863 1021 1904 novam
1046 1845 1084 1905 do
1107 1844 1203 1904 usuris

201 1928 429 1988 controversiam
442 1931 474 1988 in
493 1929 607 1991 dioecesi
623 1930 836 1990 vostra-turba
848 1931 1052 2002 concitentur,
1071 1929 1119 1988 rel
1139 1946 1203 1988 cor-
1242 1997 1244 1999 ,

201 2013 325 2089 raptabar
344 2012 380 2074 ad
401 2012 633 2076 labefactandum
650 2033 728 2076 sance
750 2014 891 2076 doctrinae
907 2015 1083 2087 candorem,
1102 2022 1133 2074 et
1149 2030 1204 2090 pu·

201 2099 320 2158 ritatem
340 2098 541 2158 inducantur:
558 2099 708 2178 postremi
725 2101 826 2172 vohis,
844 2109 874 2159 et
894 2100 974 2177 gregi
998 2118 1075 2159 aaran
1101 2106 1205 2158 vestra

202 2182 372 2242 concredito
385 2225 393 2252 ‚
407 2185 595 2260 apostolicam
617 2185 854 2244 Benedictionem
867 2183 1064 2260 impertimur.

240 2265 349 2324 Datum
369 2267 469 2326 Romae
489 2267 567 2345 apud
589 2269 619 2326 S.
641 2269 761 2327 Mariam
788 2265 929 2343 Maiorem
952 2265 1001 2334 bie
1031 2266 1128 2345 primi
1148 2282 1204 2326 no·

201 2346 330 2408 vembris
343 2349 533 2411 nnccxtv.
548 2350 737 2411 Pontificntins
751 2352 843 2413 nostri
861 2368 938 2411 anno
955 2357 1047 2410 senta

451 2524 629 2586 EPISTULA
654 2525 857 2585 enatantes
882 2524 949 2584 vll.
989 2475 993 2482 *

469 2702 556 2745 sueta
576 2702 759 2759 HATMHONHS
772 2702 909 2748 sssctttttts.

138 2925 143 2934 Ι
239 2856 315 2915 Satis
340 2857 424 2916 vobis
442 2863 626 2933 compertum
644 2873 706 2915 esso
724 2874 783 2918 non
810 2858 1003 2932 dubitamus,
1026 2858 1206 2922 oenmabiics

200 2941 337 3009 Fratres,
356 2957 421 2999 eam
438 2956 554 3016 semper
573 2940 662 3000 fuisse
678 2941 736 3017 piae
754 2943 854 3002 Matris
868 2943 1001 3002 Ecclesia
1017 2944 1138 3022 vigilem
1152 2963 1207 3004 cu-

200 3037 287 3092 ram,
305 3032 341 3081 ut
362 3031 577 3082 sacramentum
600 3025 780 3084 matrimonii
793 3068 802 3097 ,
814 3028 979 3105 Magnum,
1001 3026 1038 3086 ab
1062 3027 1207 3105 Apostolo

200 3115 426 3184 nuncupatum,
461 3105 601 3183 publici,
633 3116 664 3167 et
689 3106 786 3186 patim
813 3108 830 3168 ia
862 3110 999 3170 fidelibus
1025 3110 1204 3172 celebretur.

100 3255 105 3260 ,
200 3189 284 3264 Quod
308 3189 435 3267 quidem
457 3199 491 3250 ut
513 3189 705 3271 diligentiis,
725 3190 814 3268 quim
843 3194 927 3254 antei
947 3195 1056 3255 iactum
1080 3195 1206 3268 suerat,

198 3275 231 3334 in
243 3271 393 3351 postarbm
403 3275 439 3333 ab
452 3276 588 3335 omnibus
607 3276 831 3351 observaretur,
843 3287 942 3338 saneta
956 3277 1129 3338 Tridentinis
1143 3279 1205 3356 Sy-

199 3359 293 3418 nodos
316 3358 516 3418 Lateranonsis
544 3359 668 3419 Consilii
690 3358 744 3418 sub
771 3362 941 3421 Innocentio
964 3364 1028 3421 111.
1060 3361 1206 3422 celebrati

198 3443 327 3519 vestigiis
346 3442 537 3510 inhaerendo,
557 3444 719 3520 praecepit,
740 3452 774 3502 ut
796 3446 827 3504 in
848 3443 1016 3523 posituim,
1042 3453 1211 3522 antequam

200 3526 421 3587 matrimonium
446 3525 652 3603 contrahatur,
680 3536 725 3588 tor
755 3526 912 3609 inproprio
942 3526 1208 3603 contrahentium,
