2642 4150
446 181 524 241 Pars
538 177 675 241 anstuda.
692 182 788 262 Caput
803 179 829 242 l.
1102 191 1140 249 47

135 286 232 346 missen
247 281 426 345 sacrificium
442 299 497 360 pro
513 282 622 360 populo
633 282 689 341 sibi
699 283 857 343 commisso
866 283 1011 361 applicare
1020 283 1140 360 debinc,

135 389 195 432 non
214 369 284 431 ideb
300 378 428 429 statuere
444 367 609 438 voluimus,
624 364 742 426 eosdem
760 376 811 427 aut
833 368 984 445 quotidie,
1002 378 1054 430 aut
1067 391 1141 449 quo·

137 456 322 532 ticscumque
343 450 572 522 celebraverint,
593 450 631 509 od
654 450 824 527 praedictam
839 451 1066 529 applicationem
1088 474 1142 532 pro

138 538 250 616 populo
276 536 381 597 lebdri.
409 536 444 595 Et
466 534 585 612 quidem
608 543 788 594 sacrosancta
816 535 989 597 Tridentinae
1007 537 1143 621 synodus

139 639 208 681 sess.
226 622 275 681 95.
292 640 319 680 c.
332 621 380 681 lt.
396 617 528 698 praecipit
542 618 690 697 Episcopis
709 637 829 691 curare,
844 627 879 679 ut
898 620 1063 683 sacerdotes
1085 622 1142 683 sal-

139 714 199 764 tem
221 704 325 764 diebus
340 702 519 775 dominicis,
539 712 569 762 et
591 703 671 763 sestis
690 703 869 764 solemnibus
886 707 1041 766 missarum
1061 724 1141 768 sacro

137 791 261 866 taciant,
275 789 305 851 si
316 797 415 850 autera
426 806 528 848 carana
542 786 702 849 habuerint
721 788 892 849 aninrarum
902 833 910 860 ‚
920 788 985 850 'tim
1003 789 1143 873 [requen-

138 881 292 934 terutsuo
308 872 426 934 meineri
443 870 651 952 satisfaciant,
666 874 771 935 nrissua
789 869 944 934 celebrent:
964 875 995 934 in
1008 876 1142 954 pluribus
1197 896 1199 901 ’

138 965 238 1017 autem
261 957 451 1038 synodalibus
474 958 687 1036 Episcoporum
721 958 979 1019 constitutionibus
1006 962 1142 1021 novimus

138 1042 264 1121 providi
274 1043 447 1103 constitutos
463 1060 496 1100 ac
507 1041 670 1120 designatos
688 1040 957 1123 essedies,qu1bus
977 1043 1143 1107 animarum

140 1135 270 1204 pastores
282 1128 382 1186 missas
394 1126 540 1186 celebrare
549 1126 668 1187 debent.
683 1126 800 1188 Atverb
813 1146 866 1188 uos
881 1126 911 1189 id
924 1145 1017 1187 unum
1032 1127 1062 1187 in
1073 1147 1143 1207 prte-

139 1211 217 1270 senti
231 1214 410 1290 suscepimus
430 1210 666 1283 decernendum,
688 1210 806 1289 quaudo
824 1210 965 1272 nimirum
979 1211 1069 1273 iidem
1088 1230 1143 1290 pro

140 1294 1142 1376 populacelcbrarc,etapplicaretaneantur3etquamviscornpertuot

140 1377 303 1440 babeamus
324 1380 373 1456 id,
393 1379 473 1461 qarod
492 1379 607 1442 aliisi
632 1382 852 1460 conqrcqatione
879 1379 1003 1441 Consilii
1025 1400 1144 1461 respon·

143 1479 214 1521 suut
240 1463 321 1540 sarit,
346 1465 503 1544 parocbia-m
535 1483 637 1545 nempe
662 1461 824 1545 pinqnibas
848 1463 988 1525 reditibus
1011 1461 1145 1526 dotatam

143 1545 276 1627 qrrota'die
285 1566 338 1628 pro
344 1545 452 1630 populo
469 1546 627 1625 celebrare,
642 1546 670 1608 at
692 1544 842 1629 applicare
853 1540 971 1629 debere,
985 1565 1050 1608 curn
1060 1550 1142 1621 eero',

137 1630 200 1714 ¹qui
210 1629 388 1695 aridioribus
412 1632 582 1730 hujusmodi
600 1632 744 1694 reditibus
763 1652 823 1693 non
837 1630 1007 1714 qaudeaut,
1029 1628 1144 1713 festivis

139 1715 257 1775 tantine
277 1715 378 1778 diebus
397 1714 545 1798 idipsum
563 1725 707 1800 proestare
726 1718 841 1778 terreri:
854 1736 948 1796 quum
969 1727 1068 1777 tamen
1093 1735 1145 1794 pa·

138 1801 216 1860 riter
234 1801 317 1860 nobis
338 1806 500 1880 perspectae
516 1800 577 1861 sint
592 1801 655 1863 tirm
677 1803 884 1863 controversiae
897 1820 987 1885 super
1003 1798 1059 1863 boc
1080 1801 1144 1879 ipso

139 1892 266 1957 exorte,
292 1886 437 1948 nimirum
468 1889 505 1948 ad
539 1906 628 1964 quam
657 1905 804 1951 summam
830 1888 997 1967 pertingere
1019 1888 1145 1971 debeant

138 1970 274 2030 Ecclesiae
286 1969 468 2049 parochialis
478 1983 638 2051 proventus
650 2017 659 2045 ,
676 1983 711 2032 ut
729 1970 869 2053 pingues,
883 1980 912 2031 et
924 1972 1034 2053 uberes
1046 1970 1146 2048 appel·

137 2053 192 2114 lari
212 2057 343 2134 possint:
358 2056 497 2134 quoniam
520 2058 642 2137 pingues
658 2056 783 2119 minimi
800 2054 927 2140 habendi
940 2062 1009 2116 sunt
1022 2054 1145 2126 reditus,

137 2139 225 2199 ctiam
248 2141 374 2217 copiosi,
388 2139 497 2218 quibus
510 2151 608 2201 tamen
622 2142 796 2220 multiplicia
820 2148 851 2201 et
868 2140 968 2218 gravia
979 2140 1041 2202 siut
1054 2157 1145 2199 onera

137 2222 354 2298 adnexa3ti1m
375 2226 464 2285 etiam
483 2227 646 2285 multorum
664 2227 791 2303 querelae
812 2223 951 2285 adversus
973 2223 1144 2302 hujusmodi

138 2308 311 2380 «lauretum,
334 2309 485 2386 tamquam
515 2308 581 2387 plds
603 2330 688 2388 aequo
715 2310 867 2390 rigidum,
885 2311 1035 2380 excitatae,
1060 2309 1146 2371 uobis

138 2392 328 2451 innotescant
350 2414 358 2451 z
382 2391 495 2453 Idcirco
511 2401 711 2473 opportunum
730 2413 878 2455 censemus
896 2389 1146 2457 Frateruit'atibus

137 2477 243 2535 cestris
261 2475 424 2548 declarare,
449 2476 532 2539 nobis
547 2476 663 2539 abundi
690 2478 878 2558 satisfactum
905 2477 986 2556 sore,
1011 2473 1146 2555 uobuque

135 2555 264 2639 pruinde
290 2559 366 2620 salis
392 2577 451 2621 esse
474 2553 580 2641 posse,
600 2561 672 2621 dura
695 2560 736 2630 ii,
760 2561 813 2638 qui
846 2554 1019 2619 animarum
1044 2577 1146 2617 curam
1202 2627 1208 2639 ,

137 2650 290 2716 crearent,
302 2641 484 2721 sacrificium
495 2646 593 2705 missua
605 2662 660 2724 pro
671 2642 781 2724 populo
792 2641 931 2702 celebrent
949 2650 1036 2721 atque
1050 2637 1148 2720 appli-

138 2734 206 2787 rcut
222 2726 256 2786 in
277 2727 432 2790 dominicis
451 2726 577 2811 aliisque
593 2746 647 2809 per
666 2747 780 2788 annccru
794 2725 895 2787 dicbus
916 2721 999 2806 festis
1022 2721 1056 2785 dc
1068 2743 1147 2807 prue-

137 2819 219 2891 ccpto
227 2835 239 2887 ,·
253 2817 347 2889 quum
363 2813 496 2892 praedicti
518 2814 682 2888 dominici,
705 2813 814 2891 aliique
826 2812 890 2871 sesti
905 2811 968 2871 dies
987 2807 1008 2869 ii
1021 2807 1100 2885 sint,
1114 2811 1146 2870 in

137 2893 249 2972 quibus
258 2896 346 2973 juxta
371 2907 553 2976 praeceptum
570 2897 686 2959 concilii
705 2898 874 2958 Tridentini
890 2916 959 2957 sess.
984 2897 1012 2958 5.
1026 2915 1051 2956 e.
1065 2900 1095 2958 u.
1113 2904 1147 2956 et

137 2998 209 3040 sess.
221 2982 269 3040 ib.
286 3000 313 3041 c.
331 2983 362 3041 i.
378 2983 506 3060 quilibet
523 2985 691 3044 animarum
712 3003 790 3045 curae
809 2985 982 3063 prrepositus
1003 2984 1146 3062 populum

137 3064 196 3123 sibi
214 3067 403 3125 commissum
425 3067 603 3128 salutaribus
627 3068 728 3128 verbis
750 3080 868 3147 pascere
888 3068 998 3143 debet,
1016 3068 1146 3129 docendo

135 3165 171 3207 ca
185 3167 251 3227 qum
265 3150 345 3225 ‚scire
367 3151 506 3211 omnibus
519 3155 714 3212 necessarium
733 3151 824 3213 estad
843 3154 984 3230 salutem3
998 3153 1147 3228 iidemque

135 3232 199 3291 sint
217 3232 300 3303 dics,
315 3233 352 3292 de
362 3233 470 3311 quibus
479 3235 580 3296 eadem
592 3246 689 3296 sanata
699 3238 835 3315 Synodus
849 3240 971 3311 statuit,
987 3246 1020 3296 ut
1032 3243 1148 3297 crroncat

135 3315 305 3399 Episcopus
326 3315 471 3397 populum
494 3318 668 3401 diliqcnter,
688 3322 779 3383 terreri
801 3338 1036 3405 renumqucruque
1057 3315 1147 3395 paro·

135 3397 212 3461 ciria
224 3419 288 3461 sacre
300 3401 454 3479 interesse,
472 3403 524 3466 arbi
542 3399 687 3465 canrnaodi
708 3405 740 3465 id
760 3406 828 3486 fieri
843 3414 952 3487 potest,
967 3401 1007 3462 ad
1023 3398 1147 3457 andua-

135 3481 209 3544 dum
222 3485 344 3548 uerbum
361 3487 437 3560 Dei,
451 3496 481 3548 et
495 3490 602 3567 quibus
616 3489 735 3568 parochi
748 3491 879 3551 subditos
892 3507 959 3550 suos
972 3488 1001 3544 in
1016 3483 1147 3545 doctrina

134 3566 299 3630 christiana
317 3571 437 3633 erudire
458 3571 582 3651 debent,
594 3573 677 3653 juxta
694 3575 725 3634 id
745 3568 849 3652 quodi
870 3569 1008 3710 l‘laedffgli
1019 3567 1149 3650 Concilio
