2642 4150
183 203 241 266 tto
571 195 667 261 161166
680 198 800 261 limen.

219 301 394 384 1616166116
405 317 442 362 66
464 300 554 379 possit
573 298 705 379 pecuniis
725 298 891 359 infamantia
904 297 1013 359 166666
1033 294 1187 361 61166-

181 382 386 469 6666666111.
403 386 535 446 6.1001.
553 386 598 446 16
614 391 749 444 teneatur
762 382 919 443 infamator
929 383 1185 460 siceompensare?

182 469 314 533 61000.
326 468 402 529 Vide
417 468 504 529 etiam
514 486 547 529 6.
559 468 628 528 unt.

219 551 375 634 Infamia,
390 551 570 632 6116166116.
585 550 707 612 lninmis
721 550 824 628 nequit
836 549 982 610 ordinarie
992 546 1013 631 1.
1024 552 1055 610 6.
1068 569 1102 611 6.
1113 553 1184 614 781.

181 647 209 700 et
219 636 241 699 1.
254 640 284 699 7.
296 656 328 697 6.
349 639 406 698 561
417 644 446 696 et
462 638 529 697 565.
542 637 613 696 item
624 652 658 695 6.
677 635 746 696 161.
761 634 916 708 Quomodo
930 633 1053 695 tollatur
1068 634 1184 714 irregu-

182 722 281 784 laritas
293 721 428 781 inlumise.
443 719 463 779 1.
475 722 504 780 7.
520 739 551 778 6.
567 721 636 781 561.

218 804 357 885 Infantes
367 802 532 864 infidelium
544 822 581 863 66
589 802 778 881 baptizandi?
791 798 811 861 1.
826 803 856 861 6.
872 819 905 861 6.
920 803 990 863 lid.-
1007 806 1054 864 16
1069 806 1184 882 possint

181 889 372 950 6666666611
383 906 414 950 6.
428 890 497 949 178.
514 887 720 948 inordinati?
733 905 767 947 6.
780 885 850 946 781.
863 885 940 945 liide
952 887 1044 948 Pater.

218 969 402 1052 infidelitas,
422 981 453 1033 et
468 970 604 1051 infideles
620 972 721 1046 Quid,
742 981 773 1032 et
791 970 954 1049 quotuplex
974 971 1144 1035 1661611166.
1159 970 1181 1033 1.

180 1058 212 1118 5.
232 1058 333 1117 6.17.
358 1056 494 1117 lnlldeles
512 1074 573 1117 non
594 1064 735 1116 tenentur
756 1054 872 1134 legibus
889 1056 1034 1117 Ecclesin.
1056 1053 1079 1117 1.
1105 1060 1135 1118 1.
1149 1077 1182 1118 6.

53 1163 56 1172 ’
181 1141 248 1202 155.
263 1141 308 1200 16
321 1140 407 1200 116661
420 1141 451 1200 16
470 1140 550 1200 iestis
560 1139 716 1219 injungere
734 1139 852 1199 servilia
864 1137 1055 1205 infidelibus?
1067 1138 1091 1200 1.
1104 1143 1135 1201 1.
1148 1160 1181 1202 6.

180 1226 247 1287 171.
260 1223 327 1284 Filii
341 1223 507 1284 infidelium
528 1241 566 1284 66
580 1222 767 1302 baptizandi?
779 1219 801 1282 1.
823 1222 853 1282 6.
867 1240 900 1282 6.
918 1225 988 1286 126.
1002 1225 1034 1283 Si
1053 1224 1182 1286 16616116

146 1319 150 1324 ’
181 1310 255 1373 66111
269 1309 400 1369 converti
411 1353 419 1379 ‚
431 1327 469 1368 an
483 1307 578 1368 fidelis
589 1308 679 1386 possit
694 1309 822 1367 transire
836 1306 873 1371 ad
887 1307 1028 1367 secundas
1040 1312 1181 1387 nuptias?

180 1413 213 1455 6.
225 1393 296 1455 ast.
313 1393 497 1454 Matrimonia
508 1392 672 1453 infidelium
682 1410 720 1451 an
730 1392 790 1451 sint
803 1390 1010 1451 dissolubilia?
1022 1410 1056 1450 6.
1070 1393 1139 1453 807.
1150 1413 1181 1453 6.

180 1475 270 1539 Ptol.
285 1481 314 1538 1.
326 1485 396 1538 eta.
409 1477 479 1538 067.
490 1478 538 1539 dn
553 1475 765 1556 impedimenta
780 1473 953 1537 dirimentia
970 1474 1103 1554 obligent
1112 1477 1182 1540 166δ
1221 1491 1233 1498 ·

181 1562 283 1623 deles?
295 1580 328 1622 6.
345 1562 414 1622 est.
915 1594 920 1600 -
1147 1619 1151 1628 .

218 1643 402 1724 1611661166,
425 1655 455 1707 61
480 1644 637 1727 Infirmas.
657 1643 783 1719 Quando
807 1650 985 1705 excusentur
1007 1644 1121 1707 166661
1143 1648 1183 1709 61)

177 1727 325 1792 66116616
346 1729 444 1790 missa.
459 1728 482 1791 1.
498 1733 528 1791 1.
551 1749 583 1791 6.
601 1729 841 1802 antonomum
862 1729 1026 1789 assistentes
1038 1728 1180 1792 infirmis.

169 1835 211 1902 pa.
225 1817 294 1876 516.
309 1814 468 1875 infirmitas
480 1831 618 1876 excusans
635 1812 651 1873 1
662 1809 869 1892 1111661611.
892 1831 926 1873 6.
951 1813 1037 1874 1655.
1054 1814 1183 1888 Quando

179 1900 370 1960 inservientes
382 1898 509 1960 inermis
525 1897 542 1960 1
562 1897 679 1977 jejunio
695 1907 882 1958 excusentur.
898 1898 1091 1958 6101116
1109 1900 1182 1959 reli-

178 1983 253 2064 giosi
276 1982 444 2060 obligentur
462 1991 608 2060 precepto
632 1979 785 2042 assistendi
810 1980 939 2041 infirmis
961 1981 1065 2042 morbo
1080 1991 1183 2044 conta-
1314 2005 1315 2032 1

178 2068 276 2145 glosa?
283 2062 305 2127 1.
320 2068 349 2126 6.
364 2067 459 2127 610.
476 2085 505 2128 6.
518 2067 567 2128 16
579 2074 689 2127 auten.
703 2064 864 2125 lnllrmitas
875 2082 1014 2126 excusans
1028 2066 1183 2128 mnonieos

177 2151 194 2210 1
216 2150 373 2211 emittentia
389 2147 411 2209 1.
436 2153 464 2211 6.
489 2169 522 2210 6.
544 2151 613 2212 150.
634 2149 796 2210 1666161166
813 2166 953 2209 mcusans
973 2148 991 2208 1
1010 2151 1182 2212 recitatione
1313 2208 1314 2215 ,

128 2288 130 2299 .
178 2233 328 2295 6016116.
353 2236 420 2293 161.
442 2233 488 2293 16
499 2242 618 2294 excuset
634 2251 739 2312 magna
759 2232 915 2294 molestia?
930 2231 972 2294 ep.
994 2234 1182 2295 1161116

178 2316 426 2377 convalescentia?
437 2318 507 2378 Not.
518 2318 564 2379 11.
576 2318 654 2393 Quid
668 2319 700 2377 in
719 2316 812 2378 dubio
827 2332 865 2377 66
878 2316 1035 2377 infirmitas
1047 2322 1182 2377 excuset?
1313 2328 1314 2405 1

179 2401 252 2461 Not.
271 2403 336 2462 111.
347 2399 426 2473 Quid
440 2401 471 2460 in
482 2400 575 2462 dnbio
586 2419 623 2462 an
637 2403 730 2482 possis
741 2401 865 2462 multare
879 2405 1018 2479 partem?
1031 2401 1103 2461 Not.
1120 2403 1139 2462 1
1142 2400 1182 2462 V.

179 2487 225 2545 16
239 2494 357 2549 excuset
376 2485 467 2545 iebris
486 2487 631 2559 tertiana,
644 2487 693 2546 vel
706 2494 847 2565 quartana
857 2490 872 2545 i
883 2503 917 2545 6.
939 2486 1009 2546 166.
1027 2486 1100 2546 Cum
1114 2486 1185 2562 qai-

174 2569 234 2629 nus
246 2568 372 2631 infirmis
386 2570 417 2631 16
427 2567 549 2647 jubilaeo
561 2572 675 2649 possint
687 2586 775 2648 opera
786 2569 972 2630 commutari.
987 2566 1009 2630 1.
1020 2570 1050 2630 0.
1065 2569 1097 2629 ri.
1111 2569 1183 2630 658.

178 2653 292 2726 Quibus
309 2655 436 2717 inllrmis
459 2656 652 2723 ministranda
664 2655 922 2716 aramma-tinctio
934 2673 966 2715 6.
988 2654 1046 2715 712
1062 2650 1183 2717 61711.

173 2734 251 2823 11666
265 2758 295 2798 6.
311 2738 380 2799 751.
395 2738 441 2800 16
453 2743 567 2819 pueris?
577 2760 609 2801 6.
621 2743 690 2801 717.
704 2738 1100 2803 61710166161166161161
1115 2749 1185 2817 post

179 2818 385 2899 Baptismumi
397 2843 428 2883 6.
444 2827 514 2885 711.
535 2826 580 2885 16
592 2826 686 2903 possit
707 2823 805 2885 iterari
820 2825 851 2882 16
868 2821 970 2884 eadem
989 2823 1183 2883 infirmitate?

178 2923 210 2965 6.
226 2907 351 2965 71616
366 2916 465 2983 peccet
481 2907 609 2985 graviter
628 2906 765 2980 infirmus
778 2907 929 2985 negligens
947 2905 1184 2967 6668666666-

178 2991 394 3051 1661116755.
413 2993 533 3052 Movens
550 2991 706 3052 infirmum
722 2991 824 3052 66661
836 2992 1025 3071 irregularis,
1050 2991 1074 3050 si
1088 2989 1125 3050 on
1147 2991 1181 3052 11
1311 3046 1312 3063 .

177 3072 229 3135 ille
240 3072 405 3133 moriaturl
419 3070 441 3134 1.
452 3076 482 3134 7.
498 3094 529 3135 6.
545 3072 644 3136 5816.
659 3077 690 3136 1.

215 3156 384 3235 inpressas,
403 3164 433 3216 61
454 3158 584 3238 1696611.
601 3159 647 3219 16
671 3168 790 3239 peccent
803 3165 1088 3241 parenteslcngentes
1105 3159 1182 3221 filias

177 3240 388 3318 adingressurn
407 3242 439 3302 in
462 3245 702 3313 mortasterium?
714 3242 739 3315 l.v
751 3247 781 3305 7.
796 3265 829 3304 6.
852 3247 923 3306 dli.
942 3243 1066 3318 Quando
1081 3244 1184 3304 ineun-

77 3374 79 3378 ,
174 3326 246 3386 'rant
260 3327 605 3388 excommunicationem.
620 3326 661 3388 t'd.
685 3326 764 3403 Quid
783 3328 807 3393 si
830 3329 1182 3393 causanducationislr'd.

177 3409 259 3472 1166.
273 3412 302 3473 1.
317 3412 395 3485 Quid
407 3414 432 3471 si
446 3412 587 3485 inducant
601 3422 684 3473 metu
695 3416 910 3485 reuerentioiil
922 3408 1001 3476 1161.
1021 3415 1050 3473 2.
1064 3414 1144 3486 Quid
1156 3418 1183 3475 si

177 3498 290 3569 663661
304 3496 471 3555 masculos?
484 3494 564 3558 nat.
591 3497 621 3557 5.
645 3497 725 3572 Quid
738 3530 745 3541 ν
757 3500 781 3559 si
796 3494 980 3577 ¹impediunt
1012 3490 1184 3574 ingressum

179 3576 307 3648 puellari
318 3576 357 3696 id.
370 3596 399 3638 6.
413 3579 551 3657 Insuper.
570 3581 613 3642 lle
626 3584 928 3646 excommunicatione
938 3582 970 3643 in
983 3574 1187 3691 ingredientes
