2642 4150
394 144 397 147 ’
453 137 531 200 Pers
551 135 690 199 11111111.
715 134 855 219 Capeti·
1127 143 1162 202 bl

158 232 435 311 reteres'u'cttdcro
456 240 574 314 Patres,
588 242 674 302 nobis
691 241 825 320 quotidie
840 235 1026 321 poematibus
1038 252 1167 307 11111111

158 335 205 394 nis
228 329 414 412 poeuiteutise
433 327 590 387 constituto
612 325 767 398 remedio,
792 343 847 404 per
863 327 1045 388 consortium
1071 330 1166 389 crucis

156 416 265 478 Christi
298 431 354 476 nos
376 412 467 473 etiem
492 409 606 488 uliquid
633 410 665 470 in
691 428 746 482 eo,
775 410 855 488 quod
877 413 941 490 ipse
970 419 1094 490 propter
1110 429 1166 474 nos

159 500 325 580 praestitit,
352 497 493 575 agimus3
523 494 672 571 simulque
697 493 734 553 ad
759 495 915 556 recolenda
939 496 1096 558 sacratiora
1118 513 1167 558 rc·

119 642 124 651 ,
158 584 340 663 demptionis
358 590 466 643 nostre
479 578 640 658 mysterio,
661 596 729 657 que
746 596 800 656 per
824 578 980 641 dominica
997 580 1165 652 Passionis,

157 687 192 729 ue
225 665 461 728 Resurrectiouis
489 663 689 734 memoriam,
715 661 957 742 quadregesimali
979 662 1165 742 potissimum

156 762 294 832 tempore
306 747 468 813 solemniis
484 747 692 819 celebrantur,
714 747 876 824 purificatis
898 746 1014 828 jejunio
1034 749 1167 828 corpori·

156 837 235 910 bus,
255 844 288 898 ct
307 835 415 896 animis
438 831 556 911 diguitis
576 849 726 910 paramur.
744 832 805 892 lloc
825 832 917 893 veluti
930 843 1038 894 nostre
1052 834 1166 895 militie

158 934 266 985 tessera
281 920 319 981 ab
334 917 463 979 inimicis
473 916 566 976 crucis
584 914 691 975 Christi
705 917 908 985 secernimur,
928 915 1041 996 flagella
1058 916 1166 979 divion

156 998 282 1071 ultionis
306 1003 495 1073 exemimus,
528 1007 564 1060 et·
588 1001 698 1060 coelesti
733 1001 872 1078 presidio
904 1001 999 1063 indies
1027 1001 1165 1064 adversus

157 1090 307 1171 principes
325 1088 516 1149 tenebrarum
538 1086 702 1145 munimur.
720 1085 782 1145 Hoc
794 1084 942 1164 despectui
960 1080 1085 1160 habito,
1104 1105 1164 1149 uon

157 1171 407 1237 contemnendum
431 1171 540 1231 divinae
558 1169 659 1248 glorie
687 1169 922 1242 detrimentum,
944 1189 1006 1233 uon
1031 1171 1097 1233 leve
1118 1189 1166 1231 co·

157 1259 276 1321 1111Ιί111
294 1257 429 1336 religioni
445 1254 569 1314 dedecus
580 1272 660 1332 ,uec
676 1254 804 1315 dubium
820 1256 974 1317 animabus
995 1255 1105 1319 Christi
1128 1255 1166 1317 fl-

155 1344 272 1405 delium
284 1343 448 1421 periculum
463 1341 617 1414 oboritur,
630 1357 685 1398 uec
698 1339 817 1399 aliunde
832 1341 950 1418 populis
970 1341 1164 1410 calamitates,

156 1428 309 1504 rebusque
323 1426 444 1504 publicis
463 1435 493 1485 et
504 1424 626 1503 privetis
641 1423 753 1482 cladem
775 1424 959 1500 exitiumque
976 1426 1168 1501 importatum

159 1529 225 1571 esse
237 1517 360 1570 constat.
384 1510 429 1571 Ab
441 1508 502 1569 ,1111
517 1507 590 1581 ¹verb
611 1507 723 1579 insitu,
747 1505 962 1585 inherentique
982 1508 1014 1567 in
1034 1508 1167 1569 omnium

159 1594 369 1656 catholicorum
383 1592 538 1654 bominum
551 1592 657 1659 animis
669 1592 706 1652 dc
719 1591 908 1651 secretissima
924 1591 1165 1672 quadragesime,

157 1680 413 1758 aliisquerdiebus
434 1678 549 1756 jejunio
581 1678 755 1739 consecratis
780 1677 994 1757 persuasione,
1018 1688 1049 1741 et
1081 1696 1166 1740 reve·

156 1765 275 1836 reatin,
293 1763 380 1841 quim
400 1763 516 1833 aliena,
540 1760 630 1840 quim
655 1756 788 1832 discors,
808 1761 896 1840 quim
920 1763 1028 1824 absona
1050 1761 1166 1826 sitho-

157 1849 260 1909 dicrna
288 1847 489 1925 jejunantium
517 1845 717 1917 consuetudo,
738 1845 884 1925 quautirm
903 1846 942 1907 ab
960 1849 1021 1925 ipso
1037 1845 1167 1924 jejunio·

157 1949 228 1991 rum
245 1933 449 2003 institutione,
463 1939 493 1990 et
507 1938 620 1991 servato
642 1947 776 2008 semper,
790 1929 918 2007 ubique,
935 1941 966 1990 et
980 1932 1018 1991 ab
1030 1932 1167 1992 omuibus
1218 1997 1221 2007 ,

153 2016 308 2096 disciplina
325 2015 415 2094 quim
434 2012 603 2094 longissimi
616 2013 724 2091 distet3
737 2031 789 2074 vos
804 2057 813 2087 ,
826 2014 1013 2094 'venerabiles
1028 2015 1164 2085 Fratres,

156 2102 209 2178 qoi
230 2101 411 2181 populorum
436 2118 515 2160 curce
542 2097 646 2160 iestroe
669 2100 892 2160 commissorum
918 2116 1015 2160 mores
1039 2107 1070 2161 et
1097 2115 1168 2160 usus

153 2184 251 2264 probe
285 2186 401 2256 nostis,
424 2203 480 2264 pro
511 2183 651 2259 singulari
683 2184 827 2262 sapientia
853 2192 947 2244 vestra
974 2202 1036 2262 proe
1056 2184 1167 2247 ceteris

153 2269 263 2331 ciariis
279 2270 455 2349 intelligitis.
466 2271 526 2329 Nus
548 2267 640 2340 sune,
667 2269 774 2348 quibus
796 2270 827 2329 iu
841 2267 896 2331 bac
906 2270 1028 2331 sublimi
1050 2278 1168 2349 aposto-

154 2353 220 2413 1111
232 2354 448 2433 procurationis
466 2354 582 2431 speculo
595 2354 762 2413 constitutis
774 2354 905 2432 undique
918 2356 1052 2432 gentium
1067 2355 1165 2415 nuntii

155 2436 349 2511 ollcruntur,
372 2439 508 2517 lacrymis
527 2438 596 2498 satis
619 2439 775 2517 deplorare
802 2456 863 2500 nou
884 2457 1056 2517 possumus,
1074 2456 1167 2517 sugn-

154 2523 314 2583 stissimam
335 2522 592 2601 quadragesimalis
607 2523 710 2600 jejunii
728 2522 945 2583 observantiam
957 2524 996 2583 ob
1019 2525 1167 2594 nimiam,

154 2607 245 2666 nullis
264 2607 404 2685 legitimis
429 2607 604 2685 urgentibus
628 2608 747 2676 causis,
771 2606 883 2682 ubique
905 2607 1167 2668 indiscriminatim

153 2685 343 2767 dispensandi
368 2690 537 2750 iccilitutem
562 2688 650 2767 plane
667 2688 812 2749 sublatam
835 2705 917 2758 esse,
940 2689 981 2749 ita
1009 2696 1044 2748 ut
1065 2688 1169 2751 ortho-

153 2773 239 2835 doxoe
254 2775 375 2852 quidem
392 2775 542 2853 religionis
558 2776 685 2840 cultores
699 2771 977 2852 meritdquerantur
987 2819 997 2852 ‚
1008 2770 1165 2840 heresium

151 2858 226 2920 verb
248 2867 404 2921 sectatores
425 2860 574 2932 illudant,
592 2868 622 2920 et
641 2860 783 2920 exultent.
804 2858 983 2923 Perusino
1011 2859 1081 2924 buic
1102 2865 1177 2925 cor?

153 2941 280 3023 rnptcloe
300 2942 500 3020 plurimorum
521 2945 644 3026 iusuper
662 2942 812 3004 licentium
833 2944 1006 3025 adjunctum
1020 2963 1079 3009 esse
1094 2966 1166 3029 gru·

152 3026 230 3088 citer
240 3025 372 3091 (11111111
382 3051 395 3106 ,·
411 3039 478 3110 que
488 3046 582 3110 usquc
600 3029 673 3091 cded
693 3026 840 3107 inuoluit,
854 3037 889 3089 ut
910 3028 996 3091 uultu
1014 3030 1167 3112 apostotici

151 3112 294 3173 Instituti
313 3111 566 3193 sanctissimique
585 3115 727 3197 precepti
753 3114 1017 3190 scriturarum,
1035 3117 1166 3200 jeiuuio·

152 3213 223 3255 rum
247 3204 374 3278 ternpore
384 3196 489 3277 pulum
502 3206 531 3257 et
542 3198 665 3279 impunc
677 3198 714 3260 ob
725 3198 829 3261 iisdem
843 3199 994 3281 agitentur
1010 3202 1164 3274 concivio,

151 3286 183 3337 ct
196 3278 293 3361 epuler
304 3280 468 3342 interdicte
480 3283 646 3364 promiscui
664 3281 849 3365 inseruntur.

194 3365 233 3423 lia
247 3376 370 3444 propter
384 3367 656 3444 quemadmodum,
670 3371 779 3446 quibus
792 3372 886 3447 curis,
902 3370 1165 3442 sollicitudinibus,

154 3458 187 3508 et
206 3450 366 3528 auguribus
392 3453 577 3531 urgeamur,
603 3471 671 3515 cum
698 3456 942 3519 Fraternitatibus
959 3456 1064 3515 vestris
1087 3473 1167 3515 corn·
1215 3469 1220 3477 ·

154 3537 362 3678 migricamltp,
383 3535 424 3596 ito
441 3538 536 3610 lucere
558 3557 619 3610 unu
644 3556 823 3619 possumus,
846 3542 927 3617 quio¹
945 3556 1000 3616 pro
1031 3536 1166 3613 injuncto

220 3634 278 3676 our.
332 3660 340 3676 .
1007 3620 1026 3679 5
