2642 4150
157 308 162 315 ,
434 228 511 290 Pura
526 225 780 307 secunde.‘t'uput
791 225 829 307 ,1,
942 306 945 313 4
1091 226 1129 288 tt

121 314 325 407 qarolidianam
340 320 561 406 applicationem
571 318 672 401 'misse
689 324 891 390 conventualis
905 345 959 407 pro
971 325 1129 390 benebcto

114 415 204 473 ribus
217 414 249 473 in
260 431 387 492 genere,
401 421 435 470 ut
444 412 533 485 aliis,
547 414 584 472 ad
593 415 682 474 festos
692 411 896 475 tantummodi
908 412 969 475 dics
978 411 1128 495 reducere.

117 498 121 507 '
157 498 226 558 Non
241 496 479 559 modd‘licclcsiis
489 496 753 574 patriarchalibus,
769 495 1133 575 metropolitanis‚catbe·
1214 494 1220 503 '

118 582 272 651 dratinus,
284 590 314 640 et
326 580 486 657 collegiatis
496 579 662 657 injunctum
674 582 842 659 reperitur,
856 590 889 641 ut
900 580 1033 658 quotidie
1045 581 1131 643 missa

120 665 327 727 conventualis
343 665 375 724 iu
394 660 503 723 eisdem
517 672 657 735 canatur,
674 665 828 727 sedetiam
848 666 878 725 in
895 665 1029 725 Rubricis
1041 683 1131 744 gene·

121 752 253 823 ratibus,
267 766 396 829 quarum
414 748 629 813 exactissimam
645 750 889 810 Fraternitatibus
912 751 1015 811 vestris
1034 760 1132 811 custo·

119 837 200 896 iliam
216 833 460 896 commendamus
470 876 479 901 ‚
489 835 710 912 prescribitur,
725 842 758 895 ut
771 834 856 895 certis
868 833 971 895 diebus
985 852 1046 895 nou
1059 852 1129 907 uua,

118 919 173 980 'scd
194 917 295 986 binoe,
316 926 406 994 atque
424 915 513 993 etiam
532 914 692 997 aliqnando
715 926 775 978 tres
799 917 894 978 missa
924 919 1131 981 conventuales

75 1025 78 1029 ’
123 1001 243 1064 unodie
254 1000 454 1061 celebrentur.
469 1000 570 1077 ltaque
586 1014 679 1078 quum
697 1019 792 1080 nuper
810 999 827 1060 b
847 1000 932 1061 nubis
945 1000 1056 1061 dictum
1068 1000 1131 1063 sue·

119 1088 185 1157 rit,
207 1086 334 1164 primam
356 1083 475 1144 missam
493 1086 717 1146 conventualem
733 1084 870 1164 quotidie
883 1102 938 1163 pro
962 1082 1130 1146 acuatacu-

126 1171 209 1231 ribus
231 1169 262 1229 in
287 1185 397 1248 genere
419 1166 639 1245 celebrandam,
667 1178 698 1229 ct
718 1168 921 1248 applicandam
949 1186 1031 1245 esse3
1052 1186 1132 1230 nune

119 1253 351 1333 'expendendum
367 1259 520 1329 superest,
535 1270 573 1313 an
595 1252 766 1314 carumdem
789 1252 983 1313 Ecclesiarum
1005 1253 1131 1333 capitula

120 1337 322 1416 *jaarisdictioni
344 1345 450 1396 vestrm
466 1335 629 1416 respective
639 1336 777 1414 'sulrjecta
798 1336 916 1414 adigere
931 1337 1076 1411 debeatis,
1097 1346 1132 1397 ut

121 1422 200 1480 alias
219 1437 339 1499 quoque
353 1419 471 1493 missas,
485 1421 511 1479 si
533 1421 654 1498 plures,
672 1429 706 1480 ut
723 1420 897 1498 profertur,
909 1418 1050 1480 celebrari
1062 1437 1132 1481 con·

122 1505 249 1584 tigerit,
261 1520 317 1582 pro
336 1503 566 1565 benefactoribus
578 1505 609 1563 in
622 1521 732 1584 genere
744 1502 880 1564 similiter
898 1504 1054 1583 applicent.
1098 1522 1101 1529 ·

166 1587 341 1666 liujusniodi
354 1590 476 1668 questio
489 1588 527 1651 ab
540 1591 695 1669 aliquibus
715 1608 756 1667 ex,
765 1588 849 1657 vobis
864 1589 1057 1651 ecclesiastico
1069 1590 1133 1652 zelo

119 1672 322 1754 'flagrantibus
336 1673 512 1751 supradicte
528 1675 747 1754 congregationi
766 1673 980 1735 venerabilium
994 1676 1132 1738 Fratrum

124 1769 296 1823 rtostrorum
322 1757 445 1829 concilii
475 1757 642 1831 Tridentini
670 1760 869 1838 interpretum
901 1759 1050 1839 proposita
1075 1769 1130 1820 ost.

123 1845 250 1920 lamque
261 1848 330 1901 ante
342 1841 422 1900 illius
434 1842 668 1921 propositionem
688 1852 872 1921 compertum
886 1843 997 1913 iuerat,
1010 1841 1081 1911 aliis
1093 1844 1131 1905 ab
1194 1880 1199 1889 ·

124 1926 225 1991 eadem
253 1925 480 2004 congregatione
505 1943 679 2004 responsum
701 1929 811 1999 luisse,
835 1926 1050 1989 concedendam
1070 1946 1132 1989 esse

124 2009 400 2093 exemptionemab
422 2026 512 2092 onere
533 2012 699 2092 applicandi
716 2009 874 2074 secundam
887 2019 917 2070 ct
934 2009 1053 2070 tertiam
1068 2013 1135 2074 mis·

117 2107 184 2160 ssvm
209 2097 437 2158 conventualem
463 2113 518 2175 pro
543 2098 784 2176 benefactoribus
805 2098 836 2158 in
867 2101 995 2176 genere,
1019 2097 1131 2157 attenti

123 2182 352 2243 canonicatuum
373 2189 404 2241 et
429 2181 640 2244 beneficiorum
655 2185 818 2258 tenuitatc3
835 2199 871 2241 cx
886 2199 946 2263 quo
964 2181 1067 2241 inferri
1083 2199 1133 2259 po

119 2263 401 2342 'connumerandi
414 2266 617 2345 applicationis
630 2269 764 2329 debitum
775 2268 911 2338 manere,
925 2265 974 2326 ubi
986 2265 1023 2326 de
1036 2265 1133 2327 Eccle-

122 2354 173 2414 aiis
191 2350 375 2431 pauperibus
394 2367 454 2411 non
470 2360 618 2429 ageretur.
632 2350 745 2414 Verium
761 2371 855 2431 quum
870 2350 945 2413 bane
957 2351 1142 2434 delinienda(

118 2434 297 2515 questionis
324 2434 458 2512 regulam
485 2436 563 2516 apud
593 2437 764 2514 praedictam
788 2436 1046 2513 congregationem
1071 2452 1131 2494 non

122 2516 288 2580 admodum
311 2519 405 2578 veteri
431 2518 616 2581 observantia
641 2521 790 2580 firmatam
817 2518 909 2597 probe
936 2518 1131 2586 noverimus,

123 2602 256 2681 eburque
268 2599 390 2680 hujusce
407 2602 490 2662 dubii
509 2604 688 2665 solutionem
707 2602 810 2662 eadem
823 2601 1011 2679 congregatio
1038 2617 1133 2676 nuper

115 2687 238 2766 jndicio
255 2696 360 2764 nestro
378 2688 590 2758 remittendam
605 2704 667 2747 csse
686 2686 851 2761 censuerit3
868 2686 930 2745 Noa
950 2688 995 2744 itu
1013 2679 1134 2764 judica·

121 2792 214 2849 anua,
231 2770 322 2851 idque
333 2770 414 2834 vebia
430 2772 586 2834 utiendum
603 2769 777 2850 iudiciuae,
790 2766 957 2832 laudandae
972 2786 1092 2852 manne,
1106 2778 1135 2833 et

122 2853 345 2937 consternendos
365 2873 445 2928 erae,
461 2864 603 2938 quotquot
620 2858 793 2939 sporatesud
810 2853 985 2930 secundent,
1004 2859 1058 2915 aut
1077 2862 1134 2918 ter·

115 2942 202 3018 vticuu
219 2935 440 3001 mnammeicm
458 2940 579 3001 naissum
598 2959 654 3023 pro
668 2938 898 3021 benefactoribus
917 2939 950 3000 in
966 2958 1068 3021 genere
1080 2957 1133 3023 ap-

118 3020 260 3103 plicatam
271 3022 327 3104 gui
342 3026 410 3098 vead
425 3023 502 3086 idun
517 3033 612 3107 egeant
629 3043 666 3085 en
684 3027 715 3086 oi
730 3023 948 3087 consuetudinis
959 3027 992 3087 in
1003 3029 1134 3107 ipsorum

123 3105 260 3169 Ecclesia
283 3107 428 3188 rigentia,
453 3108 492 3169 iia
510 3107 733 3188 imperandum,
754 3120 789 3171 ut
809 3110 843 3171 in
864 3129 900 3172 eo
930 3110 1135 3173 consuetudine

122 3199 319 3273 pemmonem.
337 3191 394 3253 libi
406 3195 473 3253 cord
484 3192 519 3254 id
533 3212 590 3254 ausu
604 3202 748 3275 receptum
761 3195 1001 3269 continuentur,
1014 3194 1135 3258 liberum

113 3275 251 3338 omnino
260 3274 413 3350 merendae,
429 3277 576 3356 tertiaeque
589 3277 687 3339 misac
699 3277 897 3342 corceantuelis
911 3277 1135 3361 applicationem

125 3357 340 3422 &mutibus
359 3357 582 3441 relinquendum
603 3380 662 3424 eaae
677 3408 685 3434 ‚
700 3363 856 3436 dummodo
879 3367 911 3424 iu
927 3377 1132 3425 coraaancmoru·

127 3441 208 3503 dom
229 3440 285 3521 pro
308 3441 474 3522 defunctas,
499 3444 634 3510 Eculeaice
657 3446 873 3527 benefactorum
899 3446 932 3506 in
951 3458 1053 3524 genere
1074 3460 1134 3504 caute

122 3523 351 3588 obducuntur.
570 3525 574 3530 ’
588 3541 591 3545 ’

172 3601 246 3678 lltiic
264 3611 387 3675 damaim
409 3614 544 3692 Epistola
559 3593 668 3679 nostrae
686 3615 777 3679 linem
801 3617 1004 3693 imponentes,
1019 3610 1134 3672 Frater-
