2642 4150
179 170 243 232 111
602 166 760 252 Appeodte

180 278 260 332 trere
274 277 445 341 tonsuram,
465 275 496 330 et
511 267 629 328 ordines
648 268 800 342 minores,
814 285 875 330 non
888 267 991 332 saltn
1000 270 1062 332 suis
1081 272 1192 336 subdis

179 354 219 414 tis
234 353 395 430 religiosis,
409 352 462 414 sed
482 352 620 415 omnibus
635 352 713 412 aliis.
725 354 862 414 Attamen
879 367 932 432 per
945 352 1030 415 Trid.
1049 360 1186 420 666615.

179 440 280 511 6.10.,
293 437 464 515 hujusmodi
480 443 606 517 potestas
625 437 686 497 luit
702 438 771 515 ipsis
786 438 909 499 limitata
925 455 980 517 pro
992 440 1061 500 solis
1072 445 1189 521 regula·⁴

179 522 262 584 ribus
272 522 408 584 subditis.
423 524 474 583 llis
489 532 587 582 tamen
605 521 862 583 nonobstantibus
881 521 1016 601 plerique
1028 525 1091 584 DI).
1119 546 1186 587 sus·

179 607 359 684 tinueront,
373 608 520 677 Abbates,
538 605 641 666 saltem
656 606 790 667 mitratos
802 607 849 685 (ut
859 607 1027 668 existimant
1043 606 1139 672 Selm.
1153 619 1189 672 et

179 689 329 753 adducunt
345 692 431 771 plura
444 691 474 751 S.
489 690 523 750 c.
544 689 673 769 decreta)
694 691 746 769 qui
765 699 888 770 possunt
907 692 1085 768 pontificalia
1099 714 1187 757 exer·

179 793 264 853 cere,
288 794 372 855 posse
385 775 524 837 ordinare
536 777 625 834 etiam
638 775 792 836 seculares
803 793 871 836 suos
885 775 1018 837 subditos
1030 821 1039 848 ,
1051 789 1081 839 et
1094 780 1185 842 etiam

180 857 251 918 alios
262 904 271 935 ,
284 858 424 921 habentes
440 859 648 920 dimissoriales
668 859 781 920 litteras
798 867 919 921 suorum
938 860 1186 943 ordinariorum

180 940 374 1014 nihilominus
386 962 489 1006 amnes
502 944 565 1004 istae
585 943 740 1022 opiniones
755 945 853 1006 locum
871 942 997 1023 amplius
1016 944 1105 1008 hodie
1122 968 1185 1011 non

46 1073 50 1088 .
178 1026 315 1090 obtinent
330 1039 396 1109 post
413 1030 565 1091 decretum
589 1030 619 1089 S.
634 1031 668 1090 C.
688 1031 882 1108 approbatum
896 1030 933 1091 ab
953 1028 1073 1093 Urbano
1092 1019 1203 1106 vm.)
1223 1085 1231 1098 .

179 1112 229 1174 die
246 1118 283 1176 17
299 1117 364 1176 lan.
379 1115 556 1184 66661611,
572 1131 632 1192 quo
642 1112 945 1194 rejeeldquicumque
959 1119 1104 1178 contrarii
1115 1137 1188 1181 sen·

179 1201 273 1260 tenlii
284 1245 293 1272 ,
303 1198 487 1280 prohibitum
497 1200 553 1259 luit
565 1199 744 1269 Abbatibus,
758 1217 796 1259 ne
806 1200 926 1261 ordines
937 1202 1120 1272 conferrent,
1135 1205 1187 1276 vel

178 1282 292 1343 litteras
308 1284 515 1344 dimissoriales
535 1282 729 1343 concederent
746 1284 810 1343 aliis
828 1279 842 1353 ,’
858 1283 947 1362 quim
972 1285 1038 1345 solis
1052 1286 1185 1348 subditis

179 1369 385 1446 regularibue3
408 1369 503 1446 iisque
523 1369 704 1429 eontrarium
724 1368 898 1429 incientibus
919 1368 1064 1448 suspensio
1082 1372 1184 1449 impe--⁴

180 1454 236 1515 sita
253 1454 321 1514 luia.
337 1454 530 1532 Excipiuntur
546 1462 644 1514 tamen
662 1453 797 1531 plerique
809 1452 947 1531 descripti
961 1456 993 1514 in
1005 1455 1187 1516 Cancellaria

180 1538 267 1600 Rom.
287 1539 339 1616 qui
362 1537 551 1616 privilegium
570 1534 680 1597 habeut
704 1536 913 1597 dimissoriales
932 1538 1067 1616 epistolas
1078 1557 1190 1601 conseq

88 1647 93 1656 ·
179 1623 288 1689 dendi,
311 1632 345 1683 ut
365 1622 462 1684 Abbas
479 1622 589 1682 montis
614 1622 813 1695 cassinensis,
836 1623 933 1685 dbbas
952 1625 1105 1698 Caucasis,
1125 1633 1188 1698 ete,

186 1706 257 1769 Vide
270 1704 291 1766 l.
306 1709 336 1768 6.
350 1726 383 1766 a.
397 1706 471 1766 763.

219 1794 288 1853 118.
305 1824 343 1838 -
363 1791 513 1863 Quaeritur
530 1786 579 1850 hic
600 1790 631 1849 1.
657 1786 761 1851 utrdm
781 1790 909 1853 dbbates
929 1790 1070 1855 babentes
1092 1795 1193 1872 juris-2

179 1876 338 1939 dictionem
364 1873 440 1954 pcnd
460 1875 654 1954 episcopalem
681 1876 713 1936 in
729 1875 831 1952 aliquo
856 1878 1005 1938 territorio
1028 1890 1189 1958 separato,

1317 95 1319 176 l

179 1962 293 2041 possint
309 1960 447 2021 ordinare
464 1976 531 2019 suos
543 1958 678 2019 subditos
694 1960 865 2022 saeculares?
875 1958 1030 2039 Molseaiua
1047 1965 1126 2043 apud
1138 1968 1191 2026 La
1318 2003 1319 2020 r

183 2046 272 2108 Croie
284 2041 335 2108 bb.
351 2047 379 2106 6.
392 2064 423 2127 p.
442 2047 471 2105 1.
483 2063 516 2105 6.
530 2045 618 2114 1156,
632 2043 719 2105 aliert
734 2042 962 2108 declarationem
978 2046 1191 2114 affirmativam

180 2134 212 2194 S.
224 2134 257 2192 C.
269 2131 326 2192 Sed
339 2128 488 2191 Benedici.
505 2131 593 2191 XIV.
609 2131 653 2188 De
665 2125 774 2208 synod.
790 2126 811 2188 l.
822 2131 853 2189 1.
866 2149 893 2192 6.
918 2132 965 2191 11.
981 2151 1012 2191 a.
1030 2135 1076 2193 ll.
1093 2134 1192 2195 refert

179 2217 302 2276 alteram
313 2215 489 2274 contrariam
501 2257 511 2285 ,
522 2222 553 2279 et
561 2212 641 2275 idem
657 2213 742 2275 uliert
753 2213 884 2276 decisum
896 2217 934 2281 P.
948 2215 1100 2287 Zoelmn‘e
1106 2219 1192 2297 apud

180 2302 226 2368 La
240 2299 334 2361 Groix
344 2300 408 2359 loeo
419 2298 519 2358 citato.

218 2386 337 2447 119.-
352 2383 502 2456 Quaeritur
512 2385 542 2444 1.
559 2380 664 2443 utrdm
675 2383 822 2457 libbam,
840 2384 892 2462 qui
914 2393 1037 2467 possunt
1048 2385 1190 2450 ordinare

179 2469 311 2531 subditos
338 2466 508 2546 professos,
534 2467 653 2527 valcant
678 2475 709 2527 et
727 2469 879 2530 novitias?
902 2470 1016 2546 Negant
1049 2473 1186 2550 Cestrop.

180 2553 417 2632 Borbouynu,
437 2559 490 2612 ete.
503 2550 697 2612 communius
716 2562 835 2620 autem,
856 2561 886 2613 et
902 2553 1084 2632 probabilius
1104 2555 1188 2614 allire

180 2633 602 2716 mant81eor·.dupm.Soncb,
620 2630 750 2696 Eacobar
769 2633 901 2698 etSoim.
920 2656 987 2699 cem
1001 2634 1092 2712 aliie,
1109 2656 1189 2716 quoq

180 2727 261 2792 niam
281 2724 312 2783 in
334 2718 550 2802 favorabilibus
579 2706 755 2800 regulariter
776 2722 831 2781 sub
860 2724 1041 2801 regularium
1064 2725 1190 2786 nomiae

178 2810 304 2873 veniunt
315 2809 403 2868 etiam
420 2806 523 2869 novitii
536 2813 571 2865 ut
583 2804 809 2868 diximusri'ide
820 2802 871 2869 lib.
886 2810 916 2868 6.
932 2828 964 2877 n.
978 2810 1045 2869 761.

218 2893 285 2953 110.
303 2892 502 2965 -Quaeritur
526 2892 555 2952 5.
581 2888 691 2951 ulrdm
707 2893 825 2952 ordines
843 2894 941 2954 collati
959 2894 996 2954 ab
1014 2893 1191 2971 hujusmodi

179 2975 361 3047 Abbatibus,
374 2974 582 3046 secularibus,
606 2984 657 3035 aut
674 2977 860 3054 regularibus
879 2997 939 3044 non
961 2978 1104 3049 subditis,
1124 2967 1202 3043 sint'

179 3060 293 3120 validi?
305 3061 419 3136 Negant
431 3060 577 3119 866616
589 3057 759 3129 06616616.
772 3061 828 3122 Sed
840 3062 1047 3124 affirmandum
1060 3073 1105 3124 est
1115 3083 1193 3129 eum

178 3142 286 3210 86661.
297 3139 389 3209 86166.
404 3141 505 3204 Tanti.
514 3140 620 3203 Pelliz.
629 3153 697 3216 616,
708 3146 777 3223 quia
788 3145 850 3211 ltaec
858 3146 977 3207 facultas
987 3148 1193 3229 lutdiximus)

179 3231 251 3294 olim
271 3228 327 3287 luit
349 3244 481 3288 concessa
497 3228 679 3305 Abbatibus3
699 3239 729 3291 et
749 3229 766 3290 ai
787 3233 911 3292 coneilio
929 3232 1059 3304 deiude,
1082 3243 1113 3294 et
1133 3234 1194 3294 de,
1220 3236 1232 3253 ²

179 3324 259 3378 creto
276 3309 391 3373 Urbani
403 3312 529 3373 vetitum
548 3313 607 3373 illis
624 3314 682 3373 suit
698 3314 814 3377 lantum
833 3316 977 3376 facultatis
989 3318 1189 3380 exercitium:

178 3397 330 3479 undeipei
354 3395 477 3469 illicite,
504 3396 556 3458 sed
575 3398 674 3459 validi
701 3399 851 3459 ordinant.
873 3402 910 3460 Et
932 3396 1013 3478 qudd
1032 3402 1073 3461 ila
1090 3419 1123 3462 se
1139 3421 1194 3465 res

178 3480 303 3554 lrabeat,
331 3491 451 3561 apparet
473 3500 509 3542 er
534 3482 638 3543 eodem
655 3482 775 3544 decreto
803 3482 936 3555 Urbani,
957 3503 1018 3563 quo
1040 3485 1195 3549 ordinatis

177 3563 522 3654 imponitutwsuspeasiu.
536 3567 709 3635 prevalidis
729 3568 829 3655 itaque
845 3566 992 3634 habentur
1009 3568 1131 3637 ordines
1148 3570 1195 3632 iis
