2642 4150
436 224 517 276 Pars
531 210 669 275 oneraria,
684 217 821 296 Capeti.
1092 214 1131 279 33

126 323 190 384 ttett
202 315 557 402 quadragesimaejejunia
566 333 625 389 non
635 316 840 393 obtemperent
851 358 859 387 ,
870 323 904 375 ut
913 313 1019 377 harum
1030 333 1134 377 rerum

125 409 219 487 pretia
238 400 431 480 summopere
450 410 622 478 augeantur.
638 403 721 459 Tunc
741 409 840 461 autem
860 400 962 461 eadem
981 400 1134 461 statuentia
1165 458 1167 463 .

125 500 214 563 sunt,
236 509 303 569 quae
324 486 413 566 paulo
436 484 505 545 onte
524 484 671 556 diximus,
691 483 760 545 cum
781 487 872 562 pisces
892 493 923 545 et
952 501 1008 546 ara
1028 485 1134 545 cariori

126 576 222 654 pretia
240 581 463 650 comparantur.
483 570 578 646 igitur
599 570 761 647 peculiares
779 569 898 640 morbi,
921 569 1056 648 quamvis
1076 567 1135 629 fre·

127 668 270 738 quantes,
292 659 324 717 in
344 653 497 735 posterum
518 672 574 732 pro
596 654 850 723 causasolveadoe
869 654 1056 715 abstinentiae
1073 668 1136 714 non

126 743 332 812 adducantur,
348 740 406 800 uisi
428 737 504 800 torti
524 739 637 799 civibus
657 740 802 803 universis
822 740 911 800 iidem
934 738 1030 801 morbi
1054 755 1135 799 com·

127 818 232 889 munes
251 821 418 886 habeantur
439 824 477 884 ab
498 823 625 901 aliquam
647 824 722 884 airis
735 825 1086 902 corruptionem3oeque
1102 822 1137 883 in

127 910 476 994 poster-timberbarum,
492 908 569 980 aiei,
585 909 729 987 piscium,
749 916 780 968 et
799 927 924 971 ovorum
946 910 1040 988 pretia
1060 906 1134 968 tanti

128 996 268 1078 ponderis
287 1013 349 1056 esso
369 1002 567 1063 censeantur,
588 1001 624 1053 ut
640 993 737 1053 omnis
755 992 874 1063 civitas,
888 993 936 1053 rel
954 988 1086 1052 dimensis
1097 991 1136 1051 ab

129 1080 268 1142 instituto
278 1077 508 1158 quadragesime
521 1075 655 1154 jejunio,
671 1095 704 1137 ac
722 1078 915 1154 temperantia
936 1076 1055 1137 liberari
1066 1092 1136 1135 con·

130 1165 245 1226 tendat.
269 1163 354 1238 Quod
377 1163 402 1222 si
425 1180 509 1221 veras
526 1180 559 1221 ac
578 1163 724 1242 legitimas
744 1161 762 1223 a
781 1162 866 1222 nobis
884 1178 983 1223 causas
1002 1159 1039 1221 ed
1062 1158 1138 1220 hanc

130 1249 298 1310 facultatem
315 1246 505 1322 obtinendam
532 1249 688 1326 expetitis,
712 1247 784 1307 duas
813 1244 999 1325 potissimum
1015 1260 1140 1324 pucen-

130 1331 279 1404 sebimus,
298 1351 425 1411 quarum
448 1332 544 1410 prima
567 1349 603 1390 er
623 1329 692 1407 jora
708 1332 869 1402 canonica,
894 1332 987 1395 attera
1005 1328 1078 1390 vera
1100 1325 1139 1387 ab

131 1419 196 1497 ipse
210 1435 313 1478 rerum
326 1418 460 1494 magistra
472 1416 652 1493 experientia
662 1416 840 1492 ,deprompta
852 1424 908 1475 cst.

176 1501 364 1562 Innocentius
384 1502 446 1560 ΙΙΙ.
472 1519 562 1578 quem
580 1497 718 1576 superius
735 1499 973 1568 nominavimus,
987 1495 1094 1557 eaden
1111 1515 1141 1558 c.

137 1581 320 1657 Consilium,
341 1582 375 1646 aa
390 1583 588 1646 attenuatione
601 1581 1051 1665 nemorumnemorum«)
1069 1583 1141 1643 Bra·

133 1671 248 1733 carcnsi
262 1670 440 1750 postulanti,
459 1670 517 1748 qut
535 1671 622 1747 poent
644 1669 811 1747 plectendos
829 1668 975 1746 judicaret
990 1667 1073 1739 illas,
1087 1667 1139 1745 qui

133 1752 548 1833 temporenuadrogesimoea
565 1754 702 1813 carnibus
722 1772 783 1816 nan
794 1755 998 1815 abstinuerant
1009 1752 1049 1812 ob
1060 1769 1141 1812 sum·

133 1855 216 1901 mam
236 1855 338 1896 rorum
360 1837 533 1910 caritatem,
554 1845 585 1897 et
606 1840 790 1916 angustiam,
811 1836 861 1899 ita'
880 1848 915 1900 ut
937 1838 1036 1917 piures
1063 1837 1142 1898 same

134 1931 344 1991 caecarentur,
365 1923 519 1999 respoudit
537 1921 583 1982 his
603 1924 725 1984 serbis:
744 1924 817 1984 Gom
843 1932 943 1984 nutem
966 1919 1142 2002 quesieris,

133 2001 340 2090 quantillis
358 2003 534 2085 paenitentia
558 2007 741 2091 itcjanpenda
751 2053 762 2085 ‚
786 2007 841 2090 qni
856 2005 957 2068 diebus
978 2003 1143 2086 quamsae-

134 2089 310 2163 sementes,
334 2098 460 2170 tempore
483 2111 541 2174 quo
562 2101 653 2155 tonte
674 2094 767 2175 fastais
788 2092 889 2155 inedia
910 2090 1085 2174 inpactos,
1108 2095 1143 2149 nt

134 2196 248 2260 satapnn
262 2194 335 2257 pars
348 2173 457 2255 popuii
468 2186 587 2258 propter
605 2177 740 2260 inopia-m
756 2197 885 2240 annasse
899 2177 1026 2258 periret,
1041 2191 1143 2235 carnes

136 2262 281 2325 contrectare
302 2267 374 2320 snrrt
388 2261 501 2338 coactis
524 2262 753 2342 respondemus,
778 2263 859 2345 quaet
879 2262 913 2324 in
936 2258 993 2323 tati
1018 2256 1144 2321 articulo

137 2346 205 2410 ilias
217 2364 278 2406 nan
290 2343 442 2406 credamne
455 2346 629 2425 protendas.
643 2350 745 2410 Preces
757 2357 856 2409 tamen
865 2349 994 2409 Destino
1003 2364 1058 2427 pra
1070 2342 1141 2419 illis,

137 2440 244 2495 etcum
265 2427 326 2491 itta
346 2428 495 2508 effundes,
518 2450 555 2492 ne
573 2431 646 2511 ipsis
667 2431 1054 2513 atravatense-imputator,
1070 2431 1144 2508 an'e

137 2518 285 2581 boner-scm
304 2514 447 2574 astantiam
457 2523 500 2575 est
515 2515 558 2578 itt
572 2519 673 2579 tintare
691 2515 827 2597 cuipam,
848 2516 900 2579 nbi
913 2515 1002 2595 calpa
1022 2513 1145 2574 minitrat

136 2601 293 2681 reperitur.
307 2600 338 2660 Si
358 2599 424 2676 quis
441 2597 498 2659 hoc
516 2609 650 2678 ternpore
670 2604 830 2678 Episcopus
844 2601 986 2659 adductus
1010 2597 1147 2673 exempto

135 2683 322 2747 Bracarensis
328 2684 476 2743 Antistius
484 2685 563 2745 idem
574 2685 731 2744 consitium
744 2693 856 2762 peteret
866 2678 882 2743 {a
892 2682 966 2742 Sede
976 2681 1146 2760 apostolica,

137 2781 293 2846 tamquam
317 2769 456 2847 ineptus,
475 2788 509 2829 aa
527 2770 652 2847 simplex
673 2769 850 2835 haberetur,
868 2767 920 2829 sed
939 2767 991 2828 itta
1014 2767 1148 2830 Ecclesia

137 2853 309 2916 felicissima
332 2855 438 2914 saecula
458 2855 578 2915 maximi
591 2856 793 2931 pandebatur,
810 2852 854 2915 uti
869 2871 987 2933 aequum
999 2863 1044 2915 cst
1054 2898 1062 2926 ‚
1074 2873 1148 2934 qua·

138 2939 313 3018 dragesimoe
331 2948 522 3017 preceptum.
535 2941 611 3001 Hine
630 2942 735 3019 magna
747 2941 901 3002 severitate
922 2940 1148 3019 iuquirebantar

137 3024 205 3095 ilii,
226 3024 278 3106 qui
297 3022 421 3084 minimis
442 3024 625 3102 paruissent,
648 3025 717 3086 liciat
737 3026 803 3086 talis
822 3044 907 3087 causa
931 3026 1147 3099 intercederet,

136 3108 274 3168 utliberi
286 3108 324 3167 ab
345 3108 448 3183 codem
468 3117 611 3186 praecepto
630 3110 824 3171 riderentur:
841 3128 896 3171 nec
918 3110 978 3171 uita
999 3113 1074 3173 ratio
1094 3111 1149 3172 ha·

136 3192 267 3255 bebatur
279 3193 413 3252 virorum
436 3193 625 3271 principum,
643 3195 711 3255 licet
734 3196 867 3274 ipsarum
882 3196 1069 3259 incolumitas
1080 3213 1149 3258 cum

136 3276 312 3354 reipublicae
325 3273 462 3337 felicitate
479 3276 633 3354 conjuncta
651 3289 824 3358 putaretur3
836 3279 880 3341 uti
900 3280 1030 3344 nastusi
1052 3290 1148 3340 ostem

136 3362 239 3422 dimus
252 3361 284 3421 in
298 3361 525 3440 decimaquinta
541 3372 710 3424 nostrarum
727 3366 951 3426 Institutionum
962 3366 1031 3425 libri
1046 3362 1146 3439 primi.

136 3444 198 3508 Sat
213 3444 253 3506 iis
277 3443 413 3518 arnissis,
429 3453 458 3505 et
476 3441 546 3505 attis
561 3444 630 3508 tent
647 3444 766 3522 arricta,
784 3468 851 3529 qen
868 3451 902 3510 in
918 3448 995 3508 hene
1012 3461 1149 3505 maccon-

136 3530 239 3610 perid
258 3527 345 3591 nabis
358 3526 584 3610 proseminati
599 3532 734 3612 primam
753 3530 945 3594 delibabimus
957 3548 994 3588 cx
1013 3544 1150 3606 responso

139 3611 311 3678 innocentii
328 3611 394 3676 111.
420 3622 489 3677 tuna
511 3613 743 3710 quadrupertitas
767 3614 945 3681 abstinentia
966 3606 1043 3749 zelai
1066 3627 1150 3689 peste
