2642 4150
188 216 227 277 ta
396 214 440 274 De
455 227 645 273 runottornm
657 206 773 291 Pontes.
788 207 923 284 decretis,
936 215 987 275 otc.

187 314 365 378 obstineant.
387 313 587 375 Execrabilem
609 310 780 389 hujusmodi
808 312 934 374 abusum
958 315 1066 378 alicubi
1083 319 1194 381 sensim

187 402 366 479 irrepentem
377 398 553 460 detestantes
562 398 676 458 romani
685 395 840 458 Pontifices
850 398 1076 476 praedecessores
1086 405 1194 475 nostri,

188 483 225 545 de
238 485 359 546 consitio
372 492 437 543 tum
450 482 691 560 congregationis
704 482 735 540 S.
747 482 785 540 tt.
800 482 834 541 E.
851 482 1053 546 Cardinalium
1071 488 1195 548 univcr-

187 570 255 629 saiis
278 568 481 646 Inquisitionis
502 575 604 627 contra
624 563 794 626 haereticam
816 566 1016 642 pravitatem,
1032 580 1098 633 tum
1116 574 1195 635 Con·

187 654 364 733 pregationis
380 653 529 714 cardinal.
539 653 628 713 Cone.
640 649 808 711 Tridentini
818 653 1018 731 interpretum
1029 698 1038 727 ,
1049 654 1195 717 decretum

187 735 361 811 uoluerunt,
378 735 523 797 nimirum
536 737 556 795 ct
569 731 698 816 quotibet
709 732 877 808 sacerdote,
897 736 1046 819 stipendio
1058 757 1110 801 seu
1121 737 1194 800 etse

188 841 311 903 oaosyna
331 821 456 903 majoris
477 819 566 902 pretii
585 837 639 900 pro
656 816 846 881 celebratione
857 818 956 882 mium
977 824 1194 904 innocuosque

188 915 304 988 accepto
318 926 378 968 non
393 923 475 986 posse
488 902 576 965 atteri
583 901 729 965 secerdoti
743 902 867 965 mnsam
883 902 1057 986 hujusosodi
1068 906 1194 970 eehbro·

189 999 255 1055 turo
273 990 453 1071 stipendium
473 1008 525 1052 seu
549 985 762 1068 eleemosynam
789 986 914 1050 missoris
935 989 1026 1070 pretii
1053 991 1191 1073 cooperi,

187 1073 243 1135 etsi
256 1074 349 1137 eidem
362 1070 507 1139 sacerdoti
520 1075 643 1135 massam
654 1070 812 1133 celebranti
826 1081 854 1133 et
866 1074 1072 1147 consentienti,
1085 1093 1116 1137 se
1126 1092 1195 1137 aaa·

182 1157 260 1239 juris
275 1161 367 1241 pretii
381 1158 561 1241 stipendium
574 1177 625 1220 seu
638 1156 851 1238 eleemosynam
871 1157 1011 1239 accepisse
1024 1159 1191 1222 indicasset.

187 1249 227 1306 Ea
250 1257 371 1325 propter
383 1265 451 1320 vos,
461 1247 643 1308 venerabiies
652 1247 785 1321 Fratres,
799 1245 833 1306 in
847 1247 1005 1323 Apostolici
1018 1248 1191 1323 ministerii,

187 1341 217 1393 ct
228 1331 433 1392 sollicitudinis
448 1343 555 1393 nostrae
566 1341 681 1410 partem
697 1330 822 1390 adscitos
838 1347 976 1408 rogamus
988 1375 997 1403 ,
1011 1340 1040 1392 et
1054 1333 1195 1394 maxima

189 1414 257 1494 pere
284 1417 317 1478 in
336 1417 464 1478 Domino
484 1415 666 1489 hortamur,
693 1424 728 1475 ut
747 1415 945 1476 custodientes
969 1417 1082 1495 vigilias
1104 1434 1213 1495 super*

117 1520 120 1529 ’
186 1500 323 1580 gregibus
337 1502 462 1578 vestris,
479 1501 635 1562 enitamini
646 1544 655 1574 ,
667 1517 748 1560 naen
764 1501 854 1579 pestis
865 1496 993 1577 amptius
1004 1510 1191 1580 pervagetur,

186 1587 237 1648 sed
252 1597 286 1649 ut
305 1586 423 1667 penitius
445 1588 644 1666 extinguatur.
667 1587 712 1645 Ab
731 1587 854 1647 avaritia
875 1587 976 1661 enim,
999 1595 1149 1665 tamquam
1172 1588 1192 1648 ia

186 1674 301 1747 radice,
324 1674 400 1735 maia
430 1675 528 1733 omnia
547 1672 735 1751 germinant,
763 1689 853 1750 quam
875 1672 997 1750 quidam
1020 1682 1192 1751 appetentes

186 1757 475 1830 erraverumtfide,
496 1767 527 1817 ct
546 1757 735 1817 inseruerunt
753 1775 784 1817 se
799 1756 951 1818 doloribus
962 1757 1073 1817 multis.
1088 1758 1194 1818 Arari·

187 1842 359 1920 sicquidem
374 1843 455 1902 nulla
472 1842 570 1921 potior
586 1841 745 1918 contagio,
766 1861 832 1919 quae
851 1854 1022 1921 conseptum
1036 1834 1114 1919 ap'ud
1126 1859 1193 1901 om·

187 1945 239 1988 nes
262 1926 449 1988 sacerdotalis
464 1926 616 2006 dignitatis
643 1926 890 2005 perfectionisque
908 1927 1079 2005 opinionem
1098 1926 1191 2003 magis

186 2012 296 2076 inficiat
312 2013 485 2092 orabatque.
500 2011 630 2071 Avaritia
645 2011 751 2090 opibus
763 2012 859 2080 Deum
875 2007 1070 2091 posthabere,
1086 2027 1192 2069 acser-

185 2099 249 2158 vire
265 2117 442 2160 mammonae
464 2097 592 2166 ducens,
611 2096 723 2171 efficit,
746 2104 781 2155 ut
804 2099 884 2156 svart
906 2091 1109 2155 hoereditatem
1129 2112 1192 2154 nou
1277 2111 1283 2121 ·

185 2180 313 2244 habeant
328 2184 361 2242 in
372 2199 463 2260 regno
473 2180 599 2253 Christi,
617 2189 649 2239 et
667 2179 827 2253 Dei.Qubd
845 2182 870 2239 si
883 2178 945 2240 baec
961 2180 992 2239 in
1003 2177 1192 2240 laicisbomi·

186 2265 407 2327 nibusminimb
426 2263 576 2326 toleranda
588 2307 598 2339 ,
610 2273 700 2341 atque
708 2262 780 2324 adab
798 2265 912 2343 legibus
930 2261 1192 2341 coiecenda,quid

185 2352 216 2411 in
229 2350 427 2411 ecclesiasticis
438 2350 511 2408 viris
523 2392 531 2421 ,
550 2350 601 2426 qui
617 2351 744 2409 terrenis
761 2349 850 2409 rebus
862 2349 1002 2409 nuntium
1022 2349 1188 2418 miserunt,

185 2436 283 2514 quiin
297 2444 407 2496 sortem
424 2433 544 2495 Domini
556 2434 671 2504 vocati,
686 2435 737 2512 qui
751 2436 814 2494 Deo
824 2433 982 2511 mancipati
997 2431 1188 2505 sunttQaid,

184 2518 264 2598 qubd
278 2537 339 2580 non
354 2537 406 2597 per
422 2516 570 2578 mundana
590 2519 694 2591 lucra,
717 2517 768 2578 sed
788 2535 841 2595 per
867 2517 967 2576 altaris
989 2515 1190 2575 ministerium

184 2616 245 2666 tam
262 2603 396 2673 sordidi,
412 2610 444 2662 et
468 2620 537 2662 cum
558 2603 808 2663 sanctissimarum
827 2602 927 2679 legum
953 2609 1142 2678 contemptu,
1157 2609 1191 2660 et

184 2708 252 2752 cum
272 2687 459 2750 sacerdotalis
482 2686 658 2749 characteris
672 2687 815 2748 dedecore
831 2686 863 2746 in
874 2685 1026 2745 avaritiam
1045 2683 1188 2761 precipiti

183 2776 283 2835 auimo
306 2775 488 2851 rapiantur?
510 2771 685 2836 contendite
708 2773 823 2850 igitur,
847 2770 1029 2832 venerabiles
1049 2769 1186 2840 Fratres,

184 2858 291 2935 quibus
309 2858 417 2918 Christi
443 2857 545 2918 ovium
561 2876 630 2917 cura
654 2855 829 2916 demandata
855 2864 920 2928 est,
947 2873 1009 2916 non
1031 2849 1128 2915 solim
1152 2863 1189 2915 ut

99 3000 102 3005 .
183 2941 275 3002 verbo
294 2950 325 3002 ct
340 2942 475 3020 exemplu
493 2948 683 3020 praeeuntes,
710 2938 816 2999 Christi
838 2940 902 3000 aitis
926 2938 1022 3000 bonus
1049 2936 1126 2998 udor
1154 2940 1187 2998 in

184 3027 265 3088 omni
281 3027 360 3102 locu,
388 3026 467 3086 unde
487 3024 590 3104 populi
614 3024 736 3102 vestigia
753 3032 849 3081 vestra
878 3031 1059 3101 sequantur3
1082 3018 1188 3080 verbm

183 3113 272 3172 ctiam
286 3118 320 3170 ut
340 3111 545 3171 ecclesiasticas
563 3105 717 3186 primiuu,
739 3105 847 3170 deinde
863 3107 951 3168 laicos
964 3107 1043 3167 tirus
1058 3103 1096 3164 ab
1111 3104 1188 3164 inse·

184 3196 238 3255 ctis
255 3194 396 3254 vitiorum
416 3195 529 3272 pascuis
549 3199 736 3261 avertentes,
752 3208 805 3269 per
818 3190 896 3250 viam
910 3190 1118 3272 mandatorum
1133 3190 1187 3247 Dei

183 3278 219 3339 ad
240 3278 355 3338 cataste
378 3278 458 3338 ovile
474 3273 594 3335 currere
613 3274 751 3335 doceatis.
765 3273 915 3348 Quoniam
930 3280 1028 3333 eutem
1052 3272 1096 3332 ito
1109 3289 1189 3331 conc-

181 3371 322 3443 porotum
341 3370 404 3433 est,
425 3368 461 3421 ut
479 3367 633 3439 presentes
649 3377 743 3439 poena
765 3366 846 3419 nutu
862 3356 1045 3419 saltatoribus
1066 3354 1189 3416 mentitis

183 3446 304 3527 facilius
320 3447 546 3527 obtemperans,-
558 3464 613 3526 per
625 3444 751 3506 edictum
770 3443 805 3503 in
828 3443 932 3505 cestris
942 3441 1111 3504 dioecesibus
1123 3459 1189 3521 pro

181 3532 348 3608 ponendum
360 3529 613 3613 affluendumque,
629 3527 775 3590 universis
787 3535 891 3588 notum
904 3525 1010 3608 sorite,
1024 3543 1190 3604 omassum·

183 3632 257 3692 qste,
269 3616 325 3696 psci
335 3609 527 3694 eiettttospnos
539 3633 591 3677 seu
607 3612 757 3694 stipendio
770 3612 894 3692 stuporis
910 3611 1002 3692 pretii
1010 3628 1068 3692 pro
1090 3608 1193 3672 missis.
