2642 4150
418 158 643 234 rasuram«.
662 176 759 256 cupra
773 174 817 236 11.
927 207 930 210 ·
1090 185 1123 243 ⁹1

121 277 231 338 annulo
250 272 409 336 Piscatoris
428 272 477 332 die
496 274 514 332 5
534 274 662 350 januarii
682 294 761 337 anno
781 275 938 337 millesimo
961 280 1128 360 septingen-

120 363 245 431 tesimo,
278 358 504 437 quadragesimo
532 359 681 433 secundo,
702 359 894 422 Pontificatirs
926 365 1018 424 nostri
1049 385 1127 426 anno

117 444 259 505 secundo.

471 544 673 619 Decumum
696 548 762 606 Vll.

384 696 480 773 Sttper
491 692 629 756 ιΙαιιιιιιιι
640 694 860 777 Reliqiosorumt.

135 847 311 926 Regularis
333 845 495 924 disciplinae
515 846 750 919 observantiam,
772 850 840 910 antri
870 852 957 912 etiarn
986 852 1074 932 qulam
1096 865 1127 915 et

118 933 303 1011 generalium
326 948 359 988 ac
374 930 597 1008 particularium
617 929 739 1007 alicujus
762 935 906 1007 nationis,
931 946 982 996 aut
1004 939 1127 1013 provin·

94 1081 100 1092 ¹
117 1017 171 1074 cire
193 1015 393 1074 conciliorum
406 1014 530 1073 decretis
541 1014 786 1086 confirmaretur,
798 1025 827 1075 et
835 1020 1034 1080 Romanorum
1049 1022 1126 1080 Pon·

119 1099 237 1157 tificum
260 1097 507 1174 praedecessorum
537 1107 707 1157 nostrorum
733 1061 845 1177 legibus
870 1104 1126 1182 sanctioribusque

119 1181 383 1259 praescriberetur,
401 1180 499 1278 quoad
518 1182 643 1241 uetitum
670 1181 844 1243 mulieribus
868 1187 1125 1266 quibuscumque,

118 1265 466 1361 ctiamconsanguinoisn,
484 1266 564 1325 intra
587 1282 840 1345 quorumcumque
861 1271 1065 1349 religiosorum
1081 1273 1126 1331 vi·

120 1365 227 1409 rorum
252 1348 450 1407 clausuram
441 1366 624 1428 ingressum,
645 1355 706 1407 tam
736 1350 926 1427 integerrime
951 1355 1126 1415 custoditam

119 1431 215 1490 luisse
234 1440 365 1502 constat
386 1440 441 1506 ut,
457 1431 568 1493 nedum
583 1431 712 1491 socmrms
729 1432 982 1528 quibuscumque,
996 1438 1047 1495 sod
1064 1455 1128 1496 ma·

121 1509 217 1574 scutis
252 1531 388 1615 quoque,
415 1533 476 1575 non
502 1525 564 1574 tam
595 1514 632 1573 ad
661 1516 908 1575 monasteriorum
928 1519 1053 1578 claustra
1075 1536 1127 1578 seu

119 1605 233 1672 septa,
272 1616 356 1675 quam
392 1597 430 1659 ad
467 1601 531 1681 ipsa
566 1598 741 1659 eorumdem
767 1602 1026 1662 monasteriorum
1061 1619 1127 1662 ora·

118 1681 223 1751 toria,
250 1690 280 1740 ct
303 1683 441 1743 Ecclesias
477 1684 577 1745 nullus
604 1683 734 1760 patuerit
762 1683 881 1755 aditus,
912 1692 944 1743 et
972 1704 1126 1762 accessus3

117 1765 196 1840 quin
213 1764 275 1825 imd
297 1767 352 1826 sub
367 1768 545 1845 gravissimis
561 1768 656 1845 poenis
674 1766 763 1826 luerit
784 1768 978 1844 interdictus3
994 1789 1032 1831 ne
1048 1772 1127 1832 scili·

116 1858 185 1919 cet,
199 1857 236 1908 ut
254 1850 350 1927 iuquit
372 1853 404 1911 S.
428 1851 584 1932 Grcporius
598 1853 664 1910 PP.
685 1850 713 1910 1.
732 1852 926 1929 praedeeessor
945 1864 1071 1927 noster,
1093 1857 1126 1916 in

116 1947 273 1991 serrorum
290 1934 345 1993 Dei
359 1936 517 1994 secessibus
535 1934 648 1993 occasio
668 1934 833 2013 praebeatur
849 1936 1041 2012 popularibus
1060 1956 1126 1997 con·

116 2015 276 2090 rentibus,
292 2026 324 2077 et
341 2018 534 2096 simpliciores
551 2035 587 2079 ex
610 2016 667 2078 hoc
687 2018 800 2078 animas
829 2017 1023 2097 plerumque,
1045 2021 1126 2100 quod

119 2102 216 2173 absit,
232 2102 264 2161 in
274 2103 442 2163 scandalum
455 2103 561 2162 trabat.

156 2186 336 2263 Huiusmodi
361 2196 460 2246 autem
486 2187 629 2266 regularis
653 2185 816 2265 disciplina
840 2185 1047 2258 observantia,
1070 2191 1125 2250 elsi

116 2288 173 2349 pro
196 2279 365 2348 temporum
384 2271 523 2333 varietate
543 2290 576 2331 ac
599 2273 770 2331 necessitate
792 2279 836 2330 tot
861 2279 1013 2348 tantasque
1034 2273 1127 2333 subiit

116 2355 216 2424 vices,
234 2361 267 2413 ut
285 2353 374 2413 iidem
394 2355 619 2432 praedecessores
640 2355 735 2425 nostri
758 2353 871 2413 aditum
885 2364 914 2414 et
928 2373 1073 2415 accessum
1087 2352 1125 2417 ad

116 2438 253 2514 publicas
278 2439 524 2498 monasteriorum
547 2439 687 2497 Ecclesias
709 2437 861 2496 dumtaxat
885 2439 945 2497 sive
968 2440 1123 2512 masculis,

115 2521 180 2579 sire
196 2520 324 2580 foeminis
347 2532 560 2583 sacrosanctum
577 2523 674 2579 missae
687 2519 861 2579 sacrificium
878 2520 1034 2592 audiendi,
1055 2540 1126 2598 proe·

116 2603 315 2663 dicationibus
333 2604 416 2664 verbi
429 2605 482 2663 Dei
504 2603 697 2665 interessendi
706 2645 716 2674 ,
728 2610 759 2659 et
776 2611 991 2660 sacromentum
1010 2603 1126 2681 sanctis·

115 2686 203 2745 simae
217 2685 407 2747 Eucharistiae
424 2689 581 2759 sumendi,
595 2704 628 2744 ac
644 2693 760 2762 peccata
778 2701 834 2750 suat
848 2682 1007 2742 confitendi
1022 2685 1124 2761 causa,

115 2769 184 2829 sine
204 2778 303 2829 tamen
322 2773 534 2867 parochorum
540 2768 733 2848 praejudicio,
747 2765 898 2827 iuterddm
912 2769 1124 2828 concesserint·
1115 2813 1133 2849 ,.

114 2852 247 2911 vicissim
267 2862 367 2913 tamen
388 2854 442 2932 ipsi
468 2854 693 2935 praedecessores
715 2850 807 2912 nostri
834 2858 895 2909 tam
917 2860 985 2911 ante
1003 2852 1124 2914 Concilii

115 2934 286 2995 Tridentini
307 2935 443 3007 decreta,
461 2936 549 3019 quam
574 2945 639 3012 post
659 2935 831 2997 corumdem
849 2934 1033 2996 decretorum
1056 2957 1125 3015 pro·

114 3018 331 3095 mulgntioncm
357 3018 691 3097 denuntiationemque‚
712 3020 844 3096 providis
866 3020 1125 3103 saluberrimusque

114 3102 379 3161 constitutionibus
392 3104 684 3199 ordinationibusque
696 3102 750 3160 sub
765 3120 849 3180 poena
864 3104 952 3163 etiarn
962 3123 1125 3177 excommu
1128 3114 1131 3121 ’

114 3182 277 3243 nicationis
293 3185 360 3244 latoe
379 3184 535 3245 sententiae
551 3186 680 3247 soeminIs
701 3185 935 3264 quibuscumque
956 3190 1091 3248 aditum
1083 3196 1130 3248 rn-'

113 3282 311 3346 gressumque
324 3266 506 3346 hujusmodi
510 3270 587 3331 intro
599 3271 846 3329 monasteriorum
859 3271 1045 3337 clausuram
1036 3283 1124 3331 mter·

113 3348 268 3411 dixerunt.
289 3375 303 3404 ι
317 3352 463 3425 Quoniam
484 3363 602 3423 autern,
626 3354 702 3412 sicut
723 3353 854 3414 dolentes
874 3356 1056 3432 accepimus
1073 3352 1122 3409 alii

114 3457 129 3483 ι
131 3434 278 3508 quidem
294 3437 465 3515 apostolicas
481 3426 559 3515 leges
576 3455 608 3496 nc
634 3447 778 3517 praecepta
801 3435 970 3513 hujusmodi
989 3436 1035 3488 ret
1053 3449 1124 3490 ausu

113 3539 129 3567 ι
157 3518 318 3578 temerario
331 3518 598 3611 parvipendentes,
615 3522 716 3582 velud
737 3536 841 3581 corum
854 3516 1010 3609 arbitrium
1032 3511 1124 3599 inter·
