2642 4150
459 214 505 274 De
512 209 685 294 priaa'iepita.
700 215 797 296 capot
806 220 835 277 1.
1094 225 1109 284 1
1114 225 1151 285 st

149 312 269 392 propria
281 310 432 373 Pontificis
449 329 538 371 manu
557 314 676 388 signatae
688 332 746 371 oon
765 320 853 389 egent
873 313 972 393 aliqud
985 317 1151 385 Tridentini

148 396 351 464 revocatione,
362 412 458 471 ncqae
470 394 598 470 generali
612 439 620 466 ‚
636 412 731 471 neque
740 396 868 474 speciali.
881 398 989 457 Omnes
999 400 1150 479 verdpvae-

148 478 213 539 iotae
231 475 423 539 limitationes
443 477 648 553 intelliguntur
672 479 770 537 laeum
790 477 899 539 habere
916 482 941 540 si
965 500 1025 542 non
1040 493 1151 546 constet

148 560 186 618 de
208 561 473 620 contraria-mente
490 560 679 637 derogantis,
695 560 944 638 quemadmodum
961 582 1063 625 omues
1075 586 1150 645 prae·

148 643 199 702 lati
214 644 276 701 llll.
296 645 494 703 communiter
509 643 679 715 affirmant,
699 643 777 703 uode
789 645 813 703 si
835 645 868 704 in
887 646 951 723 tege
966 651 1147 710 revocatoria

148 724 223 784 adsit
235 727 362 786 clausula
376 745 411 786 ex
423 734 502 785 cetto
519 726 661 799 arietatio,
680 734 732 786 aut
742 743 778 786 11
789 734 872 787 oratu
881 728 1023 809 proprio,
1041 740 1093 790 eut
1114 730 1149 791 de

147 810 299 886 potestatis
326 807 532 889 plenitudine,
563 819 633 867 tune
663 818 817 870 revocatur
843 826 931 869 omne
960 813 1148 890 privilegium

141 900 420 967 ,quantumcumque
433 891 631 968 qualificatum
645 934 653 960 ,
667 894 795 970 exceptis
808 894 938 951 onerosis
948 914 957 969 3
969 903 1020 953 aut
1031 896 1148 972 quando

148 975 296 1033 revocatio
314 975 517 1051 praejudicaret
536 974 598 1051 juri
621 972 638 1034 d
660 977 747 1036 tertio
776 977 929 1055 acquisito.
958 975 1030 1039 Vide
1051 975 1145 1039 Satan.

149 1061 190 1114 tr.
206 1058 254 1114 18.
269 1059 334 1117 11.
345 1076 375 1135 p.
390 1060 419 1117 1.
437 1077 469 1116 ra.
485 1060 534 1117 10.
545 1065 574 1116 11
589 1060 640 1118 ta.
1011 1097 1014 1102 -

190 1138 240 1195 17.
252 1139 386 1212 -Quod
404 1142 510 1199 attinet
531 1140 567 1199 ad
590 1141 808 1200 revocationem
829 1140 974 1216 tacitum,
991 1143 1146 1222 privilegia

146 1218 375 1298 commorasse,
390 1224 594 1300 intelliguntur
607 1232 739 1283 revocata
757 1241 811 1303 per
823 1242 1037 1301 quamcumque
1050 1226 1146 1304 legem

147 1304 343 1363 universalem
358 1307 390 1364 in
406 1307 607 1374 eontrarium,
628 1306 742 1365 etiamsi
762 1308 794 1364 in
811 1323 844 1364 ea
861 1324 919 1365 non
933 1305 1007 1365 adsit
1019 1308 1146 1368 clausula

145 1388 351 1458 remerteria,
368 1389 484 1466 quando
508 1390 570 1465 ipsa
594 1388 642 1448 lex
656 1431 666 1458 ,
679 1387 726 1446 vel
746 1405 857 1446 novum
874 1388 1060 1464 privilegium
1082 1391 1146 1449 aliis

144 1485 319 1527 concessum
350 1487 407 1530 non
444 1480 539 1548 posset
571 1471 708 1530 ellectum
750 1469 899 1529 intentum
934 1470 1058 1541 sortiri,
1089 1472 1147 1529 nisi

144 1552 293 1610 revocatis
308 1554 466 1633 privilegiis
492 1553 576 1613 antea
598 1553 764 1628 concessis3
785 1569 845 1611 non
864 1551 1052 1629 praesumitur
1066 1554 1146 1613 enim

143 1633 298 1709 legislator
330 1636 403 1695 velle
435 1638 560 1696 condere
589 1639 684 1715 legem
715 1637 882 1708 inutilem,
908 1644 959 1694 aut
989 1636 1147 1696 concedere

139 1717 332 1796 privilegium
351 1721 529 1790 clusoriam,
552 1721 613 1780 sive
632 1720 767 1798 generale
778 1763 787 1791 ,
800 1720 862 1778 sive
878 1720 1054 1797 particulare
1070 1719 1145 1779 illud

143 1800 196 1859 sit.
213 1802 275 1862 lloe
290 1811 388 1864 tomen
414 1804 638 1881 intelligendum
656 1813 721 1875 cst,
744 1802 861 1881 quando
887 1803 1037 1882 privilegia
1063 1801 1146 1880 prids

142 1900 280 1944 concessa
303 1899 372 1946 neta
385 1896 455 1947 sunt
479 1887 624 1965 principi,
646 1885 893 1963 quemadmodum
906 1888 1093 1963 presumitur
1107 1887 1145 1946 de

144 1967 286 2028 omnibus
306 1970 465 2049 privilegiis
479 1973 594 2030 insertis
605 1969 719 2048 corpori
727 1967 819 2048 jura'a.
834 1971 918 2043 Quod
930 1968 946 2028 ὸ
960 1967 1064 2044 contris
1081 1985 1143 2028 non

144 2054 337 2128 presumitur
360 2054 397 2115 de
416 2055 479 2114 aliis
498 2073 562 2131 quaa
586 2055 714 2113 existant
739 2060 824 2112 cetra
839 2051 914 2133 jus3
933 2049 1012 2111 unde
1037 2048 1144 2110 horum

143 2136 279 2212 specialis
290 2140 401 2198 mentio
421 2148 464 2197 est
483 2138 622 2198 sarienda.
637 2139 726 2197 Sacer.
746 2133 797 2198 lib.
810 2139 840 2197 8.
856 2155 881 2195 1.
900 2134 1142 2195 11111111.

144 2214 169 2277 l.
184 2219 302 2280 8119.
315 2222 405 2283 ata.
418 2225 512 2282 Cesir.
524 2220 554 2281 (1.
568 2223 691 2300 11111.
705 2220 731 2301 S.
747 2223 777 2282 1.
790 2239 822 2279 n.
834 2221 882 2278 10.
895 2222 973 2280 eoae.
986 2217 1017 2276 (1.
1031 2220 1060 2276 5.
1068 2237 1101 2298 p.
1112 2217 1141 2276 8.

143 2299 518 2379 §.transnatabat
538 2323 571 2363 a.
588 2305 637 2363 15.
657 2312 687 2364 11
703 2306 753 2363 11.
776 2321 841 2363 cacan
853 2299 923 2362 (11111
942 2308 1143 2362 maneantur.

143 2385 303 2448 Affirmant
325 2390 415 2466 aliqui
431 2433 439 2460 ‚
454 2400 487 2449 ut
508 2393 569 2452 Set.
587 2391 680 2450 Hertr.
697 2398 726 2449 et
743 2389 845 2462 Quint.
864 2389 971 2465 quibus
994 2385 1143 2447 adhaerent

144 2466 242 2530 Sulca.
255 2470 290 2531 de
305 2470 359 2552 lep.
377 2491 402 2532 e.
416 2474 443 2531 1.
455 2491 486 2552 p.
503 2475 531 2532 6.
543 2492 576 2532 rt.
595 2474 644 2532 80.
656 2471 737 2549 qudd
752 2471 940 2550 privilegium
960 2478 1093 2528 remanet
1111 2470 1143 2527 in

143 2571 201 2613 suo
221 2552 340 2632 vigore,
358 2573 508 2634 quousque
524 2557 671 2616 revocatio
693 2571 753 2613 non
770 2553 925 2613 intimetur
941 2552 1051 2609 civitati
1066 2593 1075 2621 ,
1096 2549 1143 2609 vel

143 2636 295 2714 religioni.
310 2638 421 2700 Verium
432 2641 548 2717 ipsimet
560 2635 654 2700 Salar.
666 2644 767 2714 postea
783 2642 820 2693 tr.
832 2635 880 2692 18.
893 2632 928 2691 (11
939 2631 1023 2692 Pria.
1035 2650 1061 2691 e.
1072 2634 1100 2691 2.
1109 2648 1142 2710 p.

144 2720 177 2778 δ.
193 2738 225 2779 ra.
238 2721 287 2781 15.
298 2740 328 2782 se
338 2731 508 2793 retractant,
520 2732 548 2781 ot
560 2721 683 2789 meritd,
696 2726 855 2777 asserentes
867 2733 934 2773 cum
947 2716 1143 2792 1111181111.

143 2799 270 2863 Portell.
292 2812 320 2864 11
339 2804 574 2887 Lazanu,qudd
601 2804 707 2863 sufficit
730 2800 767 2861 ed
788 2797 1144 2875 invalidandumprivile·

143 2886 248 2964 glum,
262 2895 295 2945 ut
308 2887 474 2967 publicetur
490 2889 635 2947 revocatio
647 2906 656 2964 3
670 2897 699 2946 et
713 2896 745 2945 ut
761 2892 909 2943 transeant
921 2882 980 2942 dua
994 2900 1106 2941 menses
1125 2880 1142 2942 t

143 2969 366 3046 publicatione,
389 2971 483 3030 itaut
510 2973 664 3048 pervenire
680 2969 772 3048 possit
796 2968 899 3033 notitia
918 2966 955 3027 ad
975 2967 1142 3047 privilegia·

147 3062 212 3127 tos,
227 3054 361 3129 quamvis
376 3053 413 3113 de
430 3053 505 3114 iacto
520 3072 580 3114 nan
593 3056 758 3132 perveniat.

185 3136 290 3195 Actum
303 3146 451 3214 estusque
469 3137 563 3196 adhue
576 3137 613 3197 de
631 3138 791 3217 privilegiis
811 3137 843 3196 in
865 3137 1032 3208 communi,
1053 3138 1085 3197 in
1097 3154 1143 3197 se·

147 3217 309 3296 quentibus
322 3238 385 3298 cap.
397 3229 498 3298 agetur
511 3220 548 3279 dc
566 3223 726 3298 privilegiis
741 3223 774 3281 in
794 3221 962 3302 particulari
975 3220 1143 3285 ecelesiasti-

146 3319 268 3376 corum,
281 3303 508 3385 Episcopurum,
521 3312 551 3364 et
563 3305 776 3384 religiosarum.

846 3514 988 3584 ‹la-4
