2642 4150
551 216 793 298 reformatorem.
1119 227 1179 288 2515

169 325 276 390 adest?
297 322 332 383 Io
352 319 452 401 primo
475 318 554 380 libro
574 316 640 397 (007.
659 322 730 383 575.
751 317 797 382 tir.
813 323 852 381 Ε.
873 340 904 383 0.
926 322 988 384 Sed
1002 322 1179 408 dubitatur.)

170 412 303 473 delatum
317 415 362 468 est
384 406 517 484 opinioni
538 407 681 484 negativae
703 407 782 467 Leto.
806 412 880 488 709.
905 411 984 469 Boo.
1011 409 1105 473 Trull.
1125 422 1177 474 ε70.

170 496 226 558 Sed
242 496 274 555 in
285 492 343 554 hoe
353 491 451 558 verior
464 489 525 549 riso
541 500 582 549 est
594 488 860 552 affirmativa.Vide
873 489 895 553 7.
914 495 943 554 5.
957 513 990 554 ει.
1004 495 1072 556 769.
1085 514 1115 555 0.
1125 494 1181 559 Sed

170 577 398 656 debitotorem
409 570 608 635 editiorem.
625 571 648 633 7.
666 576 697 635 7.
711 593 744 635 o.
759 577 843 656 709.)

209 667 266 739 Ωιι.
279 664 330 722 52.
345 663 392 720 An
414 665 567 720 mutuator
580 659 674 737 possit
699 661 829 721 retindre
849 664 967 723 lucrum
983 673 1139 738 exactum,
1155 668 1180 729 si

170 747 278 811 adorat'
292 747 391 824 justus
413 745 538 812 titulus.
556 743 682 804 sednon
697 748 814 806 monuit
834 748 871 806 de
888 766 924 808 eo
945 753 1179 822 mandatarium,

169 844 200 898 et
212 832 360 894 contraxit
375 830 452 889 bona
472 828 553 898 fide?
568 830 601 887 In
624 829 723 906 priora
748 830 824 891 libro
853 829 917 909 (007.
937 835 1005 893 597.
1030 836 1088 908 Qu.
1104 835 1180 912 111.)

167 921 298 981 oddueta
312 927 355 977 ost
369 916 469 993 opinio
485 915 658 973 affirmativa
674 914 754 992 (licdt
771 923 909 996 tanquam
925 917 1024 979 minds
1043 920 1181 996 probabi·

170 1005 221 1081 lis)
235 1007 310 1083 luy.
325 999 418 1060 Dion.
430 1001 491 1071 So,
507 1004 536 1057 07
551 998 692 1058 Tooneri.
704 998 760 1060 Sed
775 1001 807 1060 io
829 1001 885 1063 hoo
897 1008 1023 1065 refutata
1035 1013 1090 1064 est.
1109 1003 1181 1068 vida

172 1087 198 1164 7.
213 1091 242 1150 5.
255 1107 288 1147 o.
306 1087 371 1146 775.
385 1083 436 1162 (Io
448 1082 532 1144 Edit.
543 1082 651 1144 77700777.
667 1082 688 1143 7.
700 1088 730 1144 7.
742 1103 775 1145 ει.
790 1087 872 1164 775.)

214 1175 274 1248 Ωιι.
289 1173 337 1231 55.
354 1173 398 1230 An
414 1169 502 1229 lieeot'
521 1185 568 1227 res
591 1172 732 1246 pretiosas
745 1172 955 1249 quamplurimi
969 1175 1123 1235 vendere?
1146 1177 1182 1238 in

174 1259 273 1338 primo
284 1256 361 1315 libro
371 1250 436 1332 (007.
450 1254 518 1313 557.
535 1249 581 1312 777.
594 1254 648 1329 D.)
660 1255 751 1314 relata
766 1264 810 1315 est
821 1257 923 1333 opinio
931 1257 1102 1318 affirmativa
1117 1260 1179 1320 Sot.

176 1339 242 1405 Tot.
257 1339 353 1401 Dion.
372 1342 447 1399 Tora.
466 1333 531 1399 Vol.
547 1339 618 1418 7709.
636 1345 689 1398 eto.
706 1339 764 1399 Sed
783 1341 814 1399 io
837 1339 893 1400 hoo
918 1342 1099 1418 probabilior
1120 1345 1181 1403 visa

173 1436 218 1490 est
230 1423 387 1485 contraria.
401 1421 473 1483 Vide
489 1418 511 1479 7.
525 1423 555 1480 5.
571 1440 603 1481 ιι.
614 1423 683 1482 808.
697 1423 840 1501 (105777.
848 1420 958 1484 Merit.
967 1421 988 1483 7.
998 1428 1028 1484 7.
1042 1445 1075 1486 o.
1087 1426 1180 1503 808.).

214 1511 273 1584 Ωιι.
286 1511 334 1568 57.
347 1509 412 1578 Αιι,
426 1508 501 1566 iacto
515 1507 685 1583 monopolio
703 1507 813 1584 injusto
824 1508 846 1581 7
854 1511 1084 1581 mercatoribus,
1099 1511 1184 1570 liceat

101 1593 105 1601 '
173 1594 241 1660 ¹aliis
254 1593 355 1652 eodem
374 1592 468 1669 pretio
485 1608 597 1650 merces
611 1590 761 1651 vendere?
775 1596 809 1653 tn
825 1596 923 1671 primo
936 1592 1014 1654 libro
1035 1593 1100 1672 (007.
1113 1594 1180 1654 557.

174 1676 222 1741 777.
240 1679 277 1738 G.
288 1695 317 1737 o.
335 1675 391 1737 Sed
414 1675 507 1757 77700.)
526 1675 616 1734 relata
631 1686 675 1738 est
692 1678 793 1756 opinio
809 1678 983 1738 affirmativa
994 1675 1088 1739 Solm.
1102 1682 1181 1742 Boo.

177 1757 582 1842 mtt.1teq.o1eo.eto.8ed
602 1760 635 1821 in
657 1760 713 1821 hoe
733 1761 856 1823 omnind
868 1763 974 1823 melior
990 1764 1051 1822 visa
1069 1772 1112 1824 est
1129 1781 1184 1823 ne·

69 1867 72 1872 ’
173 1849 282 2008 garirf.
303 1843 376 1909 Vide
388 1841 409 1903 7.
425 1846 455 1905 5.
472 1863 506 1905 o.
519 1844 589 1905 877.
600 1862 631 1906 o.
643 1844 701 1907 Sed
712 1845 770 1908 770.
786 1846 836 1925 (Io
848 1846 931 1907 Edit.
949 1845 1057 1908 Metiri.
1071 1844 1093 1908 7.
1104 1851 1133 1910 7.
1146 1866 1180 1911 ιι.

213 2015 388 2091 Quodn
401 2014 487 2077 liceat
500 2030 564 2073 rem
584 2013 689 2075 infimo
711 2016 806 2094 pretio
827 2032 926 2076 emere
944 2015 982 2077 ab
1004 2017 1104 2093 aliquo
1127 2034 1181 2079 ιιε·

171 2103 284 2163 sciente
297 2100 359 2176 ejus
369 2101 561 2160 valorem?1n
571 2102 668 2178 primo
678 2102 755 2161 libro
767 2100 831 2179 (007.
841 2104 909 2162 557.
925 2098 971 2161 777.
983 2105 1025 2163 Η.
1038 2122 1066 2163 0.
1076 2102 1182 2182 Idem.)

172 2187 337 2265 amplexata
355 2194 399 2243 est
420 2186 521 2261 opinio
542 2187 687 2262 negativa.
702 2186 758 2244 Sed
780 2187 811 2245 in
830 2184 886 2246 hoe
903 2186 1071 2247 defenditur
1091 2204 1184 2264 oppo-
1245 2193 1249 2197 ’

173 2273 241 2333 sita.
258 2269 329 2329 Vide
338 2265 359 2330 7.
371 2273 399 2330 5.
409 2289 441 2329 n.
456 2272 565 2330 otoo.
579 2271 654 2330 item
667 2272 716 2350 (Io
724 2271 807 2332 Edit.
823 2270 930 2333 Maedi.
950 2271 971 2332 7.
990 2276 1021 2334 7.
1041 2292 1074 2335 o.
1087 2275 1119 2333 87
1127 2275 1180 2352 9.).

212 2357 271 2429 Ωιι.
285 2357 335 2415 56.
350 2356 395 2414 An
412 2355 497 2415 liceat
514 2354 619 2415 elerieo
633 2356 795 2417 conducere
810 2358 919 2436 praedia
936 2359 1029 2419 alieno
1051 2359 1088 2418 ad
1107 2361 1183 2438 sagi·

173 2440 271 2502 nanda
289 2439 410 2518 propria
437 2438 596 2508 animalia,
613 2447 647 2497 ot
664 2449 764 2516 postea
786 2443 915 2501 vendat?
929 2443 962 2501 ln
984 2444 1081 2521 ptimo
1105 2445 1182 2504 libro

171 2522 241 2605 (col.
255 2527 322 2585 567.
335 2542 364 2583 0.
380 2522 522 2601 Quaeres.)
534 2523 646 2583 dietum
663 2532 706 2582 est
717 2524 821 2599 tiedre,
835 2525 859 2583 si
873 2525 1026 2583 conductio
1037 2545 1097 2586 non
1112 2527 1184 2585 ade-

172 2618 222 2671 rat
241 2627 376 2688 magnam
394 2609 618 2689 distractionem
639 2606 656 2667 7
670 2609 836 2667 ministerio
851 2626 944 2667 sacro.
958 2609 1015 2668 Sed
1030 2610 1062 2667 in
1079 2609 1135 2669 hoo
1152 2610 1182 2669 id

174 2712 236 2759 non
254 2694 440 2766 admittitur,
464 2694 534 2770 quia
554 2710 615 2753 non
633 2702 713 2752 earet
722 2691 881 2768 eupiditate
893 2692 989 2769 turpis
1009 2693 1095 2752 lucri.
1112 2692 1183 2754 Vide

174 2776 197 2842 7.
213 2781 243 2840 5.
258 2798 291 2839 ε.
305 2779 372 2838 855.
387 2796 416 2838 0.
426 2779 474 2837 Ao
484 2779 562 2839 εενὸ.
573 2778 624 2858 (Io
633 2777 717 2838 Edit.
730 2773 839 2837 7700777.
854 2772 876 2834 7.
889 2778 920 2836 7.
937 2794 970 2835 ιι.
985 2775 1067 2852 855.)

213 2869 272 2941 Ωιι.
291 2866 339 2924 57.
365 2865 410 2923 dn
432 2873 573 2941 pereunte
600 2883 641 2924 re-
655 2863 789 2934 censita,
815 2871 915 2940 pereat
931 2881 1033 2923 census
1059 2862 1182 2941 dejure

173 2949 329 3012 naturali?
341 2951 375 3008 ln
392 2948 490 3026 primo
503 2948 580 3008 libro
595 2942 659 3025 (ool.
672 2949 739 3006 566.
749 2965 779 3006 0.
794 2949 851 3021 Ωιι.
871 2947 913 3023 5.)
928 2948 1003 3008 dieta
1021 2958 1065 3010 est
1077 2951 1183 3027 proba·

173 3035 244 3097 bilis
260 3034 405 3094 sententia
429 3035 563 3110 negativa
579 3050 646 3091 eum
665 3034 753 3107 Soio,
771 3029 840 3092 Pat.
854 3029 946 3093 Solm.
963 3035 1031 3095 Coo.
1053 3043 1115 3109 eto.
1126 3035 1183 3096 Sed

173 3120 207 3179 io
220 3117 277 3179 hoo
298 3115 421 3179 omnind
435 3116 730 3177 tenendamdiximus
748 3116 966 3181 affirmativam.
980 3118 1052 3182 Vide
1062 3116 1085 3179 7.
1102 3121 1131 3179 5.
1149 3139 1181 3181 ιι.

174 3203 246 3264 877.
260 3221 290 3262 0.
302 3201 383 3264 Duo.
395 3204 425 3262 5.
438 3201 488 3280 (Io
499 3198 583 3260 Edit.
599 3198 705 3262 Meoird
721 3200 742 3261 7.
756 3205 786 3263 7.
799 3221 832 3262 n.
848 3205 940 3282 877.)

213 3288 272 3360 Ωιι.
288 3288 336 3348 58.
350 3289 397 3348 Αιι
411 3304 516 3364 cogens
529 3302 597 3345 eum
609 3285 718 3363 injuria
731 3289 857 3348 alterum
867 3290 904 3348 ad
918 3289 1080 3349 ludendum
1093 3288 1183 3362 possit

173 3371 305 3432 retindre
325 3372 497 3431 lucratum?
510 3371 545 3429 io
560 3370 657 3447 primo
676 3372 753 3434 libro
767 3371 831 3452 (007.
845 3376 913 3434 575.
931 3370 978 3433 tit.
994 3370 1183 3448 D.)addueta

172 3463 221 3516 est
239 3456 342 3533 opinio
352 3457 497 3533 negativa.
512 3454 569 3514 Sed
590 3455 622 3514 in
639 3453 696 3515 hoe
708 3458 892 3535 probabilior
905 3456 967 3515 visa
983 3462 1026 3514 est
1041 3456 1183 3515 sententia

173 3537 375 3611 affirmativa,
395 3539 484 3600 modd
506 3539 557 3598 ille
576 3540 628 3618 qui
651 3542 749 3619 cogit,
772 3559 833 3601 non
853 3546 971 3615 superet
990 3545 1122 3595 eotetum
1151 3539 1183 3599 in

173 3622 283 3705 peritia
293 3620 570 3710 ludendin'dedd.
582 3641 615 3686 n.
629 3625 698 3687 880.
712 3620 852 3702 (tradit.
864 3617 971 3683 770077.
982 3615 1005 3681 7.
1019 3622 1048 3680 7.
1063 3639 1095 3682 ιι.
1102 3622 1184 3699 880.)
