2642 4150
326 151 372 208 De
383 144 578 227 prohibitione
593 140 747 205 librorum.
772 148 868 225 Caput
884 149 911 207 1.
1068 154 1126 213 205

126 245 295 337 potuissent.
314 252 391 309 Hinc
405 255 502 322 patres
521 247 552 303 in
574 247 633 304 suis
658 248 774 323 scriptis
797 247 974 323 magnopere
991 258 1060 308 sunt
1077 270 1126 310 co·

126 339 183 400 nati
193 344 326 397 avertere
336 331 437 391 fideles
449 329 486 388 ab
498 326 668 403 hujusmodi
680 329 824 388 librorum
838 330 973 389 lectione.
989 331 1127 412 Oripenes

125 427 188 491 eos,
218 420 270 496 qui
294 417 389 475 libros
417 411 582 488 impudicos
615 419 666 469 aut
688 412 795 488 impios
817 410 926 488 injuste
948 416 1124 488 revolvunt,

124 505 250 582 ejusdem
274 502 367 575 culpae
386 496 509 557 asseruit
535 513 628 565 reos,
652 493 742 571 quam
770 497 821 572 qui
849 515 949 557 carnes
971 500 1049 558 salsis
1070 517 1127 557 nu·

121 587 251 648 minibus
276 584 387 644 oblatas
415 578 636 637 manducarent.
665 576 747 657 Oria.
771 582 860 638 Horu.
893 583 942 640 20.
974 581 1008 641 iu
1032 584 1124 641 Num.

124 671 155 730 S.
172 666 305 728 Isidorus
320 664 456 739 scripsit,
482 659 705 740 irupia‘scripta
722 658 829 738 tepere,
845 661 920 722 idern
939 672 982 723 est
1002 683 1037 723 ao
1060 663 1127 726 thus

126 748 274 811 immolare
299 743 413 810 diabalo
425 768 437 820 ‚·
459 744 617 820 additque,
647 761 709 801 aon
735 741 817 803 licere
842 745 1011 808 christianis
1036 744 1128 826 lepore

125 833 268 914 fiporerrta·
283 839 460 911 poetarum,
485 826 558 906 quia
582 835 636 905 per
659 822 715 885 itta
733 846 814 887 necas
841 828 881 887 ad
906 826 1057 890 libidinem
1078 832 1128 890 in-

125 932 208 976 censa
232 914 389 974 excitatur.
416 912 456 970 Io
474 927 498 968 o.
530 908 599 969 ldea
625 911 674 967 111.
696 908 764 969 dist.
794 912 842 970 57.
870 913 902 971 S.
927 912 1127 991 Hieronymus

125 1003 167 1060 ait
194 1019 203 1057 r
238 998 331 1057 Nemo
360 996 393 1053 in
424 991 609 1072 perforatam
644 992 739 1051 intrat
774 994 937 1071 cymbam,
967 1005 1003 1055 ut
1033 996 1128 1057 discat

124 1082 221 1145 oiture
235 1076 451 1156 roanfrapiam5
474 1083 502 1134 et
518 1075 558 1133 ad
583 1074 740 1135 heresibus
755 1075 876 1151 plenum
903 1074 1038 1137 oolrrmcn
1064 1081 1128 1137 ani·

124 1181 208 1225 orara
229 1160 333 1239 diripes
352 1160 511 1218 immunem
527 1155 607 1228 doli,
629 1166 665 1216 nt
682 1156 725 1215 ibi
745 1157 839 1218 discas
858 1158 1029 1221 catholicam
1051 1160 1128 1220 ueri·

127 1247 308 1324 tatem?b'p.
333 1242 374 1302 ad
396 1245 519 1302 Latara.
543 1240 661 1300 Fortibs
688 1238 891 1302 Tertullianus
913 1247 1032 1305 :Nemo
1058 1244 1127 1306 inde

125 1328 204 1392 strui
223 1334 317 1408 potest
335 1370 344 1397 ,
360 1324 438 1385 unde
459 1324 621 1385 destruitur
643 1346 655 1383 .·
681 1324 775 1384 Nemo
801 1324 839 1385 ab
864 1342 896 1385 eo
918 1323 1125 1403 illuminatur,

126 1415 146 1473 d
173 1430 230 1489 quo
252 1409 483 1470 contenebratur.
509 1410 555 1468 De
579 1425 666 1487 pree.
691 1426 718 1467 c.
745 1410 776 1467 2.
807 1410 902 1467 Etiam
925 1411 1033 1486 impius
1056 1413 1129 1470 Lut-

126 1494 216 1557 herus
240 1494 349 1552 librum
370 1492 462 1552 edidit
483 1493 520 1551 de
538 1491 690 1551 abolendis
717 1492 833 1568 scriptis
851 1510 949 1569 pravae
969 1489 1128 1552 'doctrinan

132 1576 207 1639 Vide
229 1575 398 1637 Stridentem
420 1573 511 1635 tion.
534 1571 677 1635 Calvinus
698 1576 809 1652 pariter
837 1574 966 1651 ejulabat
988 1575 1130 1637 adversita

129 1662 224 1722 malos
243 1661 343 1721 libros.
358 1658 520 1719 Brasehins
534 1657 568 1719 de
585 1653 636 1719 lib.
648 1658 763 1719 Ecclt.
776 1661 804 1719 5.
818 1677 844 1718 e.
864 1662 913 1719 16.
927 1678 959 1720 n.
976 1661 1005 1719 5.
1018 1663 1131 1721 Notum

129 1756 175 1804 cst
207 1746 321 1815 ctiam,
348 1743 440 1801 libros
472 1741 628 1802 Michaelis
645 1743 756 1804 Seresti
777 1761 846 1802 ann.
868 1745 955 1803 lton.
980 1742 1038 1803 aab
1060 1764 1128 1806 curn

130 1829 223 1905 impio
251 1830 377 1887 Auctore
405 1827 528 1885 Genevas
549 1826 659 1897 inisse,
690 1825 812 1885 Calvino
834 1827 985 1895 instante,
1010 1845 1129 1887 concre-

129 1921 233 1970 matos.
254 1912 312 1987 lpsi
333 1910 480 1985 gentiles,
503 1909 563 1967 sola
586 1908 659 1966 duce
688 1910 824 1980 ratione,
848 1918 899 1966 aut
927 1909 1127 1984 experientia,

130 1995 209 2053 idem
219 1995 256 2053 dc
267 1993 352 2053 malis
363 1994 478 2071 scriptis
489 1993 669 2069 extirpandis
676 1992 1028 2068 judiciumprotulerun't.
1042 1988 1130 2052 Plato

129 2077 200 2137 ltine
221 2077 414 2159 necessarium
439 2077 543 2144 duxit,
565 2086 598 2134 ut
619 2077 689 2135 libri
704 2121 711 2141 ,
726 2075 898 2153 priusquam
919 2076 955 2135 ad
976 2075 1047 2136 alies
1061 2092 1129 2152 pcr-

128 2170 298 2230 annuant,
320 2160 485 2235 sapientum
509 2161 636 2218 examini
660 2159 864 2235 subjiciantur.

169 2245 234 2303 vlt.
254 2244 369 2320 Quippe
393 2243 473 2320 apud
503 2261 605 2302 omncs
635 2246 767 2302 nationes
791 2245 885 2303 cultas
910 2262 973 2305 mos
992 2244 1129 2306 abolendi

126 2327 221 2388 libros
233 2328 328 2385 noxiae
342 2327 472 2384 lectionis
481 2344 596 2401 seraper
607 2327 741 2385 invaluit.
753 2328 838 2404 Apud
848 2329 1128 2402 Hebraeosloalrira,

126 2410 198 2473 ebra
218 2426 270 2486 pcc
290 2406 529 2468 Beruehlibram
549 2409 737 2486 accepissetis
756 2409 885 2469 Ieremia
905 2414 1129 2482 transmissum,

126 2496 258 2561 timens,
272 2494 310 2551 ne
323 2491 431 2549 ludoeis
455 2491 588 2551 scandalo
605 2501 703 2566 essct,
722 2492 839 2567 ignibus
852 2491 915 2550 dari
934 2492 1031 2566 jussit.
1060 2493 1132 2553 Vide

126 2573 283 2637 Badinuor
303 2571 355 2633 lib.
376 2575 406 2632 h.
431 2570 683 2633 Daernooomaaire
707 2592 732 2630 c.
754 2575 785 2630 a.
806 2575 868 2630 Rex
891 2574 980 2630 etiam
1004 2573 1131 2633 Herodes

127 2676 234 2723 onancs
256 2656 459 2716 hebraicarum
491 2658 640 2732 originum
668 2655 780 2715 codices
806 2655 985 2713 concremari
1013 2656 1131 2728 voluit,

127 2749 235 2817 utpote
259 2740 323 2817 paci
352 2738 475 2814 publicae
511 2740 658 2798 adversos.
685 2736 792 2797 Errseb.
818 2735 898 2796 Hist.
921 2733 973 2797 lib.
1000 2739 1027 2797 l.
1053 2759 1077 2799 c.
1099 2741 1130 2799 8.

127 2823 220 2900 Apud
243 2825 332 2900 Syros
355 2820 515 2883 Antiochus
543 2820 715 2900 Epiphanes
738 2821 855 2898 publico
877 2821 971 2880 edicto
996 2824 1134 2902 praecepit

126 2908 225 2967 libras
249 2905 882 2966 llebroeorumcomburendos.l.l1acbab.
905 2908 934 2964 1.
956 2908 983 2966 b.
1011 2909 1130 2990 loseph.

127 2988 222 3050 Hebr.
240 2984 292 3047 lib.
310 2989 358 3046 11.
373 3006 399 3047 o.
417 2989 446 3049 7.
470 2987 554 3064 Apud
567 2987 757 3049 Athenienses
768 2992 948 3069 Protaporas
965 3009 1000 3050 ex
1017 2992 1133 3053 senonis

126 3072 266 3135 consulto
287 3070 418 3146 undique
437 3071 646 3131 exterminatus
664 3083 730 3145 est,
750 3073 871 3151 ejusque
888 3076 995 3153 scripta
1017 3077 1133 3154 publice
1216 3118 1218 3121 -

126 3155 194 3230 igni
215 3154 342 3223 tradita,
359 3154 473 3229 quia‘in
491 3153 551 3211 illis
564 3152 602 3213 de
621 3158 774 3216 existentia
789 3160 920 3217 Deorum
932 3158 1131 3221 dubitabatur.

127 3238 232 3296 Cicero
246 3233 299 3296 lib.
324 3237 353 3294 1.
369 3234 405 3294 de
419 3237 494 3294 Nat.
513 3238 603 3295 Deor.
620 3245 648 3297 ct
670 3242 804 3300 lactant.
827 3240 862 3301 de
884 3243 938 3301 Ira
951 3243 1010 3302 Dei
1020 3262 1084 3322 cap.
1101 3243 1131 3297 9.

126 3317 221 3395 Apud
252 3319 367 3378 Graecos
393 3320 503 3395 pariter
531 3324 707 3383 concremati
738 3326 860 3384 luerunt
883 3325 953 3383 libri
983 3320 1132 3401 Epicuri,

125 3402 255 3462 Erusm.
278 3403 315 3459 in
338 3403 429 3460 Prae.
456 3400 572 3463 Ficnln.
603 3405 690 3483 Apud
718 3409 890 3476 Romanos,
923 3405 991 3464 edm
1014 3401 1134 3479 quidam

124 3481 279 3545 bubulcus
299 3492 430 3543 aratrum
462 3484 609 3562 trajiciens
633 3490 666 3548 in
697 3492 794 3550 arcula
824 3486 998 3562 sepulchrali
1028 3485 1135 3543 Neurus
