2642 4150
352 272 399 334 De
410 233 773 366 probibitiomiibrorum.
794 274 960 356 contuiti.
1098 279 1152 340 ttt

147 376 274 450 directi,
288 371 340 437 ted
360 370 475 455 obliqui
487 392 523 435 cac
538 372 608 436 libri
624 374 814 437 damnatione
835 368 980 458 consenui.
1003 371 1158 451 Qud'soni

148 460 265 521 ratione
274 459 399 522 minimi
411 458 621 540 improbandas
633 469 780 520 censemus
794 458 935 521 libranum
948 460 1158 540 prohibitiones

148 543 297 606 inauditis
311 541 479 604 auctoribus
495 542 612 622 fuctus,
633 544 700 604 cim
714 543 879 623 prasertim
898 543 1070 606 medendum
1093 545 1156 613 sit,

149 627 297 713 quidquid
315 646 370 709 pro
388 645 419 688 se
436 626 537 708 ipso...
552 625 696 710 potuisset
716 638 820 692 auctor
841 628 965 709 affrae,
984 628 1018 693 id
1034 629 1158 690 minimi

148 716 204 776 d...
211 712 363 796 jndicibus
378 711 696 793 iynoratccm...fuisse.
878 791 881 796 ⁶
1016 730 1020 736 ·

188 796 390 860 xxv11.sed
413 796 485 874 quid
510 796 636 876 amplius
660 798 698 858 dc
716 799 772 858 hoc
796 798 1010 870 dubitandum,
1034 796 1103 858 edm
1126 795 1157 857 id

148 900 266 961 semper
285 882 326 941 ita
341 880 406 941 ficri
424 881 455 941 in
468 883 595 941 Ecclesia
617 884 790 943 consuevit?
803 884 859 943 Ubi
876 883 1021 960 judicium
1042 880 1156 961 (regula

149 966 206 1042 est)
228 965 267 1025 dc
287 982 410 1043 persona
436 966 625 1040 iaciendum,
647 976 778 1046 oportet
794 985 932 1046 personas
952 968 1079 1027 audires
1104 965 1156 1026 ubi

150 1061 254 1111 autem
273 1049 311 1109 de
333 1050 408 1110 libro
427 1053 541 1130 agitur,
552 1051 629 1112 tiber
645 1052 790 1112 audiatur.
809 1052 872 1113 tmb
887 1052 959 1131 quid
971 1052 1070 1127 abac,
1082 1050 1156 1128 quin

150 1135 218 1212 ipsc
232 1141 333 1193 auctor
349 1151 384 1206 ex
404 1136 463 1195 suis
485 1137 622 1215 scriptis,
643 1135 762 1213 quando
787 1136 939 1197 manifesti
957 1142 1027 1196 sunt
1048 1131 1155 1211 impia,

151 1219 331 1279 damnetur?
352 1218 554 1299 Bormaorius
581 1220 817 1280 calumniabatur
842 1220 873 1279 S.
895 1218 1104 1288 Bernordum‚
1127 1224 1158 1278 ct

150 1301 305 1380 Synodum
321 1301 541 1374 Sunonensem,
563 1303 643 1381 qubd
669 1305 789 1364 Petrum
800 1300 976 1382 abelardum
990 1303 1158 1363 inauditum

30 1439 37 1452 ,
150 1386 355 1459 damnassent3
383 1385 434 1444 sed
457 1385 598 1446 adversus
621 1388 837 1467 Borenyurium
864 1389 1011 1465 sapienter
1038 1386 1158 1462 scripsit

151 1466 274 1531 Natalia
286 1467 455 1530 Alexander
464 1469 547 1531 Hist.
560 1478 629 1530 torn.
642 1474 655 1530 t
667 1474 691 1530 t.
703 1470 810 1532 adsue.
822 1472 851 1529 6.
864 1471 947 1529 Disc.
959 1473 988 1529 b.
999 1470 1083 1529 Anne
1093 1468 1159 1529 idcd

151 1553 352 1627 inconvictus,
376 1554 462 1635 cujus
483 1572 593 1615 errores
609 1555 643 1615 in
664 1553 747 1617 libris
768 1553 805 1615 ab
821 1554 884 1636 ipso
901 1552 987 1637 editis
1006 1552 1049 1612 itd
1073 1559 1160 1613 erant

151 1635 330 1720 manifesti?
354 1641 404 1701 Ea
427 1638 548 1720 scriptis
569 1640 671 1721 itaque
688 1638 838 1721 judicium
865 1638 901 1699 de
925 1635 1060 1719 personis
1082 1633 1160 1718 ferri

149 1739 252 1804 posse,
268 1729 298 1782 ct
317 1721 359 1783 sic
376 1721 548 1783 institutum
568 1722 704 1785 Euandre
722 1721 872 1803 judicium
893 1720 1062 1801 indeficiens
1080 1738 1157 1793 esse,

151 1806 306 1867 Martinus
318 1808 339 1867 1
350 1814 379 1866 ct
392 1809 461 1869 iob.
489 1809 698 1869 lateranensis
716 1807 841 1870 concilii
858 1811 964 1868 Patres
983 1804 1024 1867 sic
1047 1812 1158 1867 statue·

149 1897 227 1950 runt
237 1912 249 1949 .·
261 1889 297 1951 Si
312 1908 410 1952 consa
422 1890 549 1974 counitio
561 1894 731 1954 insinnatur
747 1912 783 1954 ea
804 1893 958 1954 homirnum
971 1888 1156 1965 testimoniis,

151 1982 183 2034 ct
202 1973 424 2051 instmcmmtis,
442 1974 577 2045 criminis
591 1975 638 2037 aci
653 1978 826 2038 innocentia
849 1975 1051 2057 probationem
1064 1973 1158 2033 conti-

151 2058 306 2133 nentibus,
318 2068 414 2141 potest
423 2056 552 2122 Ecclesia
565 2080 673 2123 errore.
691 2064 725 2124 Si
734 2061 769 2123 de
782 2062 861 2144 tacto
870 2055 1029 2122 doctrinali
1036 2048 1160 2139 quantia

151 2144 209 2219 sit,
223 2151 251 2204 et
262 2143 387 2226 coactitio
396 2162 493 2204 causa
509 2143 679 2207 instruatur
687 2165 723 2206 aa
732 2143 815 2208 libris
826 2144 971 2221 auctario,
986 2142 1041 2224 qui
1051 2140 1161 2203 erroris

152 2235 325 2300 accusatur,
338 2247 399 2288 non
410 2235 617 2308 potcsterrarc.
628 2230 786 2303 Praetere'a,
799 2231 904 2291 saeculo
916 2228 1041 2307 septimo
1054 2226 1159 2286 Maci-

151 2311 424 2390 musiquilejensis
435 2313 579 2374 incudem
595 2317 780 2375 bateranensi
795 2315 923 2374 Concilio
936 2314 977 2372 sic
989 2312 1159 2372 Martinam

145 2395 295 2456 ‘allocutus
315 2397 394 2456 fuit:
411 2397 447 2457 Si
460 2395 560 2478 placet
577 2407 680 2460 uestra
701 2397 892 2473 beatitudini,
907 2395 1107 2457 conuenienter
1124 2391 1160 2454 de

153 2476 219 2551 itis,
233 2497 300 2558 qua
316 2491 544 2563 proponuntur,
561 2499 726 2563 roanosccrc
743 2500 798 2562 per
807 2482 973 2559 proscripta
989 2496 1090 2538 eorum
1105 2476 1159 2535 aab

143 2563 256 2625 uocatu
272 2563 360 2643 {idem
382 2565 533 2646 exposita,
545 2574 573 2626 ct
588 2583 655 2647 qua
676 2563 740 2625 sinc
755 2564 1053 2641 mamantispersona
1064 2557 1161 2617 redar-

150 2666 240 2729 attere
264 2650 445 2732 santissimi
466 2651 726 2728 demonstrantur,
740 2656 896 2731 propterea
916 2645 995 2706 enirn
1014 2642 1160 2704 accusatio

152 2742 295 2796 extranea
320 2735 472 2817 superflua
496 2754 555 2797 ease
573 2734 773 2816 dinnoscitur,
790 2729 909 2811 quondo
921 2731 941 2789 d
955 2729 1018 2790 curs
1037 2736 1160 2801 temera·

153 2817 211 2878 riis
234 2820 405 2900 conscriptis
426 2819 558 2900 apertiics
580 2826 767 2881 accusantur.
789 2819 839 2878 lto
867 2832 995 2894 namque
1014 2815 1160 2874 Dominus

153 2901 222 2962 ait.-
235 2920 271 2963 ca
291 2903 385 2966 ambis
403 2905 482 2966 eninr
501 2904 561 2964 tuis
575 2902 802 2984 justificaberis,
819 2909 848 2962 ct
863 2918 899 2961 ca
911 2898 1005 2961 uerbis
1022 2898 1080 2960 tuis
1097 2916 1160 2959 con·

153 2984 465 3049 cinnomannica.
480 2990 528 3048 tu.
543 2988 593 3047 57.
608 2990 684 3048 ltem
705 2995 805 3049 contra
823 2983 1018 3055 Theodorum,
1035 2989 1065 3043 et
1092 2985 1160 3043 Ori-

149 3088 254 3152 amcm
265 3072 297 3131 in
313 3072 477 3151 Synode.
490 3081 639 3133 accusator
649 3071 760 3151 quippe
772 3072 869 3131 nullus
879 3070 989 3142 adfuit,
1000 3069 1051 3129 sed
1062 3077 1160 3129 tamen
1175 3112 1177 3118 .

152 3155 215 3214 sola
230 3155 362 3233 ipsorum
377 3157 484 3234 scripta
501 3157 537 3215 ad
548 3174 597 3216 eos
611 3157 793 3217 damnandos
804 3156 993 3216 suffocarunt.
1003 3151 1160 3222 Ceionium,

151 3238 205 3298 nbi
220 3241 326 3317 scripta
344 3249 414 3301 sunt
431 3238 567 3317 ambigua
579 3283 588 3315 ,
599 3239 713 3317 justum
725 3248 768 3301 est
782 3251 914 3302 auctores
933 3241 1054 3311 audire,
1068 3237 1161 3316 prius·

153 3321 244 3401 quim
257 3323 313 3403 ipsi
334 3332 467 3383 auctorec
480 3324 669 3384 damnentur.

192 3408 331 3469 xxvnt.
347 3409 598 3469 'rextibusautcm
610 3409 930 3488 attaminandum,
943 3417 1066 3481 nempe,
1080 3397 1161 3477 quad

138 3491 196 3553 'ibi
213 3510 274 3551 non
292 3493 332 3553 dc
348 3492 451 3564 libris,
462 3493 512 3553 aed
525 3493 563 3553 de
576 3493 709 3572 personis
722 3495 872 3571 agebatur.
883 3492 932 3548 Sic
944 3482 1161 3563 pariterAbba·

151 3577 192 3638 tis
203 3574 360 3652 leobini,
376 3586 405 3638 ct
417 3576 578 3659 Anauatini
593 3595 653 3637 non
671 3576 731 3636 sola
745 3594 853 3654 opera,
869 3571 1017 3630 sedetiam
1031 3584 1163 3644 aemonae

152 3661 377 3723 accumbuntur.
392 3663 429 3724 Et
444 3665 485 3723 sic
504 3663 554 3722 alii
571 3663 624 3738 qui
638 3661 843 3730 adducuntur,
857 3655 912 3732 ipsi
928 3653 1008 3796 ciqtlati
1024 3653 1161 3724 fuorunt,
