2642 4150
442 174 520 234 Para
534 171 670 234 sarienda.
691 175 790 255 Caput
806 175 853 237 11.
1106 181 1143 242 73

131 304 145 332 ι
170 276 300 338 crimino
323 272 494 353 complicis,
515 293 607 352 eoque
626 275 658 334 in
679 265 824 348 articulo,
844 285 878 336 ut
892 277 1059 354 praeiertur,
1073 298 1144 347 con-

20 420 24 427 ,
131 390 145 418 ι
171 363 288 422 stitutae
311 359 553 418 sacramentalem
578 359 788 420 consessionem
813 360 969 437 excipere,
993 361 1031 421 ab
1046 381 1144 441 eoque

131 471 146 500 ι
172 447 300 507 crimine
313 442 527 503 absolutionem
546 443 648 520 largiri
670 443 766 518 nulla,
782 444 857 503 sicut
871 445 1082 521 praemittitur,
1097 465 1144 507 ne·

136 558 152 586 ιι
173 530 301 592 cessarie
320 527 406 588 causo
430 537 550 604 cogente
568 528 804 604 praesumpserit,
820 530 955 605 quamvis
974 527 1143 605 hujusmodi

133 641 149 670 ι
171 608 319 674 absolutio
340 609 437 669 valida
459 611 558 669 lutura
580 611 637 679 sit,
659 610 820 672 dummodb
833 629 868 671 ex
882 622 963 690 parte
976 614 1144 691 paenitentis

133 722 148 752 ιι
172 697 381 775 dispositiones
402 693 550 753 beristo
570 694 698 753 Domino
716 696 752 753 ad
771 697 943 755 sacramenti
964 698 1144 774 poenitentiae

134 809 148 837 ι
172 784 305 843 valorem
332 779 483 857 requisitae
509 796 570 839 non
590 779 738 839 defuerint
759 781 832 857 (non
858 780 1038 841 intendimus
1061 785 1143 843 enim

136 895 150 921 ιι
175 885 230 945 pro
252 863 444 926 formidando
467 865 572 922 mortis
596 864 721 923 articulo
743 864 839 923 eidem
862 866 1023 942 sacerdoti,
1049 887 1144 946 quan·

135 978 150 1006 ι
174 950 287 1010 crimnis
312 948 456 1025 indigno,
478 953 670 1007 necessariam
690 946 924 1024 jurisdictionem
947 951 1081 1023 auferre,
1105 969 1143 1010 nc

135 1061 151 1090 ι
175 1034 233 1094 bac
251 1034 315 1112 ipsi
334 1032 488 1091 occasione
511 1031 617 1107 aliquis
639 1033 749 1109 pereat)
770 1053 778 1090 ε
799 1032 993 1093 nihilominds
1012 1034 1144 1097 sacerdos
1178 1089 1181 1095 .

137 1145 153 1173 ιι
179 1120 244 1195 ipse
259 1117 373 1176 violatae
393 1133 464 1174 ausu
486 1113 630 1191 ejusmodi
648 1117 803 1175 temerario
822 1118 894 1195 legis
913 1135 1013 1196 peenas
1034 1137 1143 1196 nequa·

138 1227 152 1257 ι
177 1219 268 1281 quam
289 1200 428 1276 eliugiet,
449 1218 482 1258 ac
502 1199 658 1277 propterea
681 1201 771 1260 latam
794 1201 825 1261 in
841 1200 917 1260 dicta
936 1204 1144 1264 constitutione

136 1312 152 1340 ιι
176 1284 322 1362 majorem
333 1284 667 1343 excommunicationem
679 1328 687 1353 ,
699 1283 861 1361 eodemque
871 1285 957 1362 plane
966 1287 1072 1360 modo,
1085 1302 1144 1364 quo

136 1396 153 1426 ιι
177 1362 291 1429 ibidem
312 1367 490 1436 decernitur,
513 1366 615 1437 nobis,
636 1375 667 1426 et
683 1366 753 1425 huic
768 1378 873 1428 sanetae
886 1368 953 1427 Sedi
968 1381 1144 1430 reservatam

140 1479 156 1510 ι
181 1455 317 1512 incurret
328 1494 336 1521 ‚
349 1459 436 1528 prout
450 1451 534 1509 ilium
549 1467 585 1509 oo
600 1453 665 1529 ipso
679 1451 831 1510 incurrere
847 1451 1046 1525 declaramus,
1061 1455 1145 1513 volu·

140 1563 156 1592 ιι
181 1554 268 1605 naus,
286 1544 371 1613 atque
390 1537 559 1595 statuimus.
578 1537 645 1595 Non
666 1534 850 1594 obstantibus
868 1535 1024 1608 omnibus,
1040 1545 1070 1598 et
1091 1538 1147 1598 siu·

138 1650 153 1679 ιι
179 1622 259 1702 galis
277 1621 352 1692 illis,
367 1638 433 1698 quae
453 1621 485 1679 in
506 1621 624 1698 praelata
646 1631 747 1681 nostra
769 1620 978 1681 constitutione
997 1622 1146 1685 voluimus

136 1734 151 1762 ιι
176 1724 238 1766 non
254 1705 385 1774 obstare,
401 1705 573 1782 eaeterisque
596 1706 751 1764 contrariis
771 1706 1042 1785 quibuscumque.»
1059 1708 1145 1768 Volu-

135 1808 206 1853 mus
222 1796 344 1860 autem‚
360 1796 394 1847 ut
413 1790 585 1848 earumdem
604 1791 794 1866 praesentium
807 1791 982 1850 Litterarum
1003 1800 1146 1853 transum-

137 1877 220 1955 ptis,
244 1888 295 1932 seu
320 1873 460 1950 exemplis
485 1874 573 1932 etiam
599 1874 748 1951 impressis
774 1891 864 1934 manu
890 1876 1011 1950 alicujus
1036 1878 1145 1936 notarii

135 1957 251 2037 publici
270 1956 461 2032 subscriptio,
483 1965 513 2015 et
530 1957 631 2034 ‘sigillo
652 1974 784 2034 personae
800 1957 831 2016 in
851 1957 1040 2016 ecelesiastica
1056 1960 1147 2036 digni·

136 2052 200 2108 tate
220 2042 385 2101 eonstitutae
406 2042 530 2101 munitis
551 2041 653 2101 eadem
673 2040 793 2119 prorsuis
816 2040 890 2101 lides
912 2041 943 2100 in
961 2040 1092 2117 judicio,
1116 2049 1146 2102 et

135 2134 222 2186 cxtra
242 2124 317 2183 illud
338 2124 450 2202 ubique
469 2126 601 2184 locorum
623 2126 784 2197 habeatur,
805 2143 872 2202 quae
893 2123 1052 2184 baberetur
1076 2127 1145 2204 ipsis

134 2211 350 2288 praesentibus,
368 2212 391 2269 si
412 2211 511 2274 forent
528 2209 686 2282 erlaibitae,
703 2211 750 2270 vel
771 2220 905 2271 ostensae.
921 2212 1028 2271 Datum
1046 2212 1146 2271 Romae

135 2296 216 2374 apud
242 2305 370 2356 sanctam
394 2298 523 2356 Mariam·
540 2295 681 2373 Majorcm
707 2298 763 2356 sub
788 2297 900 2356 annulo
923 2298 1078 2358 Piscatoris
1097 2298 1147 2357 die

136 2380 242 2440 octavii
261 2380 413 2439 Februarii
436 2398 514 2439 anno
537 2383 693 2441 millesimo
712 2382 970 2459 septingentesimo
988 2384 1146 2461 quadrage·

135 2466 217 2524 simo
232 2464 354 2540 quinto,
370 2463 556 2541 pontificatis
575 2468 670 2526 nostri
694 2484 772 2524 anno
797 2466 913 2542 quinto.

510 2634 715 2695 DECRETUM
732 2633 784 2690 lil.
866 2685 867 2688 ,

230 2795 339 2855 Conna
356 2790 564 2871 sollicitantes,
583 2801 612 2853 at
629 2790 774 2872 amrifictb
789 2792 887 2855 aristae
898 2791 1058 2855 obicientes.

183 2962 220 3022 ln
239 2964 368 3040 generali
391 2964 617 3041 congregatione
636 2970 742 3023 sanetae
765 2966 904 3041 Romanae
922 2973 953 3024 et
975 2964 1149 3029 universalis

136 3046 345 3122 inquisitionis
365 3045 465 3106 habita
488 3049 521 3107 in
545 3047 653 3125 palatio
695 3048 851 3124 apostolico
874 3049 1019 3121 Quirinali
1050 3071 1149 3112 coram

135 3129 332 3190 Sanctissimo
361 3131 489 3191 Domino
520 3139 622 3191 nostro
648 3134 776 3192 Domino
807 3134 1018 3194 BENEDICTO
1048 3137 1149 3196 divina

138 3213 335 3275 Providentia
376 3217 452 3294 Papa
484 3218 564 3276 XIV.
608 3226 636 3275 et
671 3219 856 3277 Eminentiss.
888 3235 921 3276 ac
959 3219 1146 3278 Reverendis.
1190 3287 1192 3300 Ι

141 3299 213 3357 nl).
237 3298 268 3356 S.
293 3300 329 3356 R.
346 3301 379 3357 E.
400 3299 604 3359 Cardinalibus
625 3300 763 3360 adversus
786 3300 952 3361 haereticam
976 3303 1151 3377 pravitatem
1190 3308 1194 3347 t

139 3380 376 3457 Inquisitoribus
388 3383 608 3444 Generalibusb
623 3396 720 3446 saneta
733 3386 807 3446 Sede
819 3389 976 3463 apostolica
990 3381 1152 3458 specialiter

138 3464 305 3540 deputatis.

182 3548 388 3611 sanctissimus
400 3553 545 3615 Dominus
555 3561 654 3616 noctu
667 3551 789 3614 sollicite
796 3552 1030 3615 animadvertens
1042 3590 1050 3618 ,
1065 3546 1151 3624 quam
