2642 4150
188 229 230 289 bt
394 226 439 287 Ite
454 240 644 287 rortruuoruua
656 221 774 304 Pontis.
791 221 925 296 decretis,
940 230 992 287 etc.

189 328 296 389 uitales
311 331 423 388 anuas
439 323 528 387 enixe
544 322 719 397 hortamur,
732 332 766 384 ut
776 323 937 386 maximum
953 309 1070 399 eurem,
1081 332 1111 389 et
1122 327 1198 408 rigi·

188 410 311 473 lantiam
327 412 360 472 in
375 409 406 471 id
419 408 595 479 conteratis,
617 414 652 469 ut
667 406 700 469 in
713 406 911 470 Ecclesiarum
932 418 1100 472 vestrarum
1125 410 1197 491 cho·-

186 493 367 575 'ris,prnter
375 495 512 556 devotam
523 486 961 572 celebrationem,debitamque
970 495 1196 574 applicationem

190 580 286 641 missae
303 580 522 652 cdnrentualis,
546 574 634 639 llere
654 577 800 638 canonicae
813 596 884 639 non
914 579 1121 659 praepropere,
1142 582 1200 654 sed¹

190 663 308 736 exacte,
330 663 420 742 paust
443 680 552 742 nempe
570 661 766 739 interposite,
786 669 816 723 et
836 664 983 736 maximi,
1007 666 1065 742 qui
1088 665 1191 742 decet,

191 746 1196 828 reverentii,acroligionecruentumliquidemsciurus,ineliquibus

191 832 423 911 metropolitanis
433 842 463 892 et
473 828 689 892 cathedralibus
708 830 860 902 Ecclesiis,
875 831 953 892 inter
963 835 1115 894 canonicos
1128 852 1194 895 mm

191 918 361 996 opinionem
375 917 552 990 invaluisse,
569 925 603 978 ut
617 931 649 975 se
668 931 777 975 munus
793 933 881 975 suum
898 917 968 976 setis
987 918 1112 995 implere
1123 936 1195 979 oon·

191 1002 332 1076 tendent,
344 1001 417 1065 dium
432 1001 523 1064 choro
538 1006 696 1081 praesentes
706 1003 845 1061 assistunt
856 999 944 1072 ‚lieet
964 1002 1020 1080 ipsi
1032 1003 1089 1063 sibi
1103 1004 1195 1064 silen-

191 1087 268 1148 tium
284 1089 449 1168 imperent,
462 1105 559 1166 neque
577 1084 771 1165 psallentibus
786 1084 965 1146 beneficiatis
979 1129 987 1158 ‚
1003 1097 1053 1147 eut
1067 1090 1195 1150 mansio-

192 1173 283 1232 nariis
309 1172 341 1232 in
365 1180 453 1232 cantu
472 1190 504 1232 se
529 1169 701 1249 adjungant.
731 1172 767 1230 ln
798 1167 920 1246 hujusce
942 1169 1015 1231 verb
1046 1172 1197 1249 opinionis

192 1254 446 1318 confirmationem
464 1256 627 1317 odduci‘ab
645 1256 752 1319 iisdem
768 1254 863 1314 solent
884 1255 1053 1315 inveterate
1074 1274 1197 1317 consue

192 1341 325 1417 tudines,
347 1351 456 1402 statuta
474 1341 653 1421 peculiaria,
667 1350 719 1400 eut
737 1340 837 1422 etiam.
848 1348 990 1418 protensa
1003 1339 1197 1401 Ecclesiarum

110 1484 116 1495 ,
189 1443 312 1485 suorum
331 1425 496 1505 privilegiu.
520 1427 559 1486 lc
577 1443 671 1503 quum
697 1422 834 1502 Synodus
856 1423 1029 1484 Tridentino
1049 1443 1120 1484 sess.
1144 1427 1193 1495 et.
1248 1427 1252 1433 '

191 1529 218 1570 c.
232 1511 280 1571 lh.
293 1510 416 1588 loquens
435 1511 473 1571 de
485 1509 695 1590 dignitatibus,
710 1519 741 1570 et
761 1509 925 1582 cunouicis,
936 1509 987 1587 qui
1000 1507 1090 1583 choro
1103 1511 1197 1571 inter·

192 1613 254 1655 usse
274 1592 403 1664 debent,
418 1613 513 1657 unum
535 1613 573 1656 ex
594 1614 699 1656 eorum
718 1594 821 1655 officiis
846 1611 907 1654 esse
933 1594 1036 1654 ments
1060 1593 1094 1655 iu
1111 1594 1198 1658 ehem

189 1678 232 1740 nd
243 1673 429 1759 psallendum
445 1678 601 1751 instituto,
616 1677 736 1758 hyrenis
748 1686 777 1738 et
789 1677 911 1739 conticis
924 1679 982 1739 Dei
996 1698 1103 1742 neuneu
1117 1699 1198 1741 reue·

192 1771 307 1835 routm,
322 1761 477 1836 distincti,
492 1761 647 1841 devotique
659 1759 800 1838 loudore3
811 1781 963 1840 quumque
972 1782 1063 1842 pauca
1074 1764 1214 1826 omnini)v

114 1912 121 1921 ,
192 1849 253 1907 sint
266 1846 411 1926 capitula,
425 1846 579 1926 inquibus
593 1864 630 1908 eo
644 1845 734 1907 modo
747 1844 764 1906 b
777 1846 924 1906 cononicis
941 1846 1032 1909 eboro
1041 1849 1197 1921 assistitur,

193 1930 320 2010 idebque
340 1940 466 2009 receptae
484 1931 669 1993 inuniversr
682 1930 807 1992 Ecclesia
821 1929 982 2014 discipline
1001 1950 1110 2010 penem
1129 1935 1199 1994 illos

193 2016 340 2078 adversari
354 2015 560 2096 dignoscetur3
573 2035 668 2096 quum
681 2018 802 2095 insuper
813 2016 913 2095 opinio
924 2017 975 2090 illa
989 2036 1150 2097 numquam
1163 2021 1198 2093 ,in

191 2102 417 2180 congregatione
442 2102 566 2162 Consilii
588 2102 758 2163 Tridentini
777 2101 1014 2179 interpretationi
1039 2106 1197 2182 preposita

192 2186 354 2247 examinata
365 2186 420 2258 sit,
434 2185 610 2265 quiustatirn
620 2187 738 2264 explosa
748 2186 852 2258 fuerit,
864 2195 894 2246 et
902 2189 1066 2266 improbuta
1077 2207 1199 2267 ;quam·

191 2272 238 2331 vis
259 2272 450 2349 presumptis
472 2271 755 2345 consuetudinibus,
779 2270 903 2349 aliisque
931 2272 1149 2346 fundamentis,
1167 2283 1201 2342 et

193 2353 357 2414 rationibus
379 2355 479 2415 innixa
497 2352 721 2433 perhiberetur,
740 2356 887 2416 canonicis
899 2356 988 2418 etiarn
1005 2359 1200 2430 Feelesiarum

192 2434 431 2518 patriarchalium
461 2436 552 2515 hujus
573 2446 684 2498 nostrae
710 2438 793 2498 urbis
811 2458 900 2517 super
920 2438 976 2500 hoc
997 2442 1197 2511 instantibuss

134 2589 143 2596 .
193 2540 284 2601 quum
301 2521 429 2599 denique
443 2522 522 2583 idem
531 2520 679 2599 judicium
695 2524 843 2602 prolatum
857 2524 1047 2602 reperiaturia
1063 2526 1201 2602 pluribus

193 2607 330 2667 Consiliis
346 2607 576 2686 prouincialibus
587 2652 595 2678 ,
608 2607 645 2667 ab
662 2605 718 2668 huc
737 2610 827 2668 etiam
838 2610 995 2687 apostoliea
1007 2611 1083 2670 Sede
1094 2630 1202 2689 eppro·

191 2691 267 2754 betis
278 2721 290 2763 ,r
301 2699 330 2751 et
345 2689 549 2752 confirmatis:
565 2689 719 2773 nibiljam
735 2693 883 2771 reliquum
898 2712 962 2753 esse
973 2695 1091 2755 videtur
1103 2716 1111 2753 ε
1124 2713 1200 2773 quo·

185 2774 291 2836 «minius
300 2776 454 2853 ¹pauciores
470 2777 677 2836 universorum
690 2777 748 2854 legi
761 2794 793 2835 se
804 2777 1036 2838 accommodent.
1052 2777 1200 2857 Equidem

89 2923 92 2934 ¹
192 2855 315 2919 minimi
333 2856 417 2919 uobis
436 2867 614 2938 conpertum
640 2866 700 2931 est,
725 2876 785 2939 que
805 2858 952 2939 peculiari
973 2859 1059 2924 titulo
1079 2860 1201 2941 suffulti

191 2958 368 3021 persuasum
388 2939 517 3002 babeant
536 2941 653 3016 uuicos,
675 2939 722 3002 eci
742 2941 864 3005 ulterius
884 2942 1020 3007 Ecclesiae
1040 2949 1198 3020 muouioi,

193 3024 348 3084 scmuueri
359 3041 412 3085 suo
422 3022 592 3169 satisfecere
600 3044 656 3106 per
666 3024 827 3108 simplicem
838 3030 871 3088 iu
881 3028 966 3090 choro
978 3030 1179 3091 assistentium
1186 3078 1198 3109 ,

193 3105 302 3185 absque
312 3106 422 3168 divine
434 3127 490 3191 pso
502 3109 607 3172 modice
621 3118 723 3171 contu.
744 3111 852 3173 Verium
874 3113 936 3189 uisi
957 3111 1018 3175 iltis
1031 3119 1140 3194 proestd
1159 3116 1202 3177 sit

193 3188 384 3272 apostolieum
397 3212 457 3254 nou
467 3203 682 3277 presumptum
701 3192 747 3255 uel
761 3194 950 3278 abrogatum,
966 3197 1018 3270 sed
1035 3198 1200 3279 legitimum

194 3294 229 3335 uc
243 3274 342 3355 ermeno
353 3275 541 3373 priuilegium
559 3275 620 3340 sive
639 3276 811 3356 indultum,
825 3280 897 3360 jure
917 3301 953 3342 oe
970 3281 1074 3343 ureritd
1098 3301 1201 3346 nereu-

193 3357 264 3420 dum
282 3368 338 3436 est,
364 3379 401 3421 ne
417 3361 489 3438 isto,
510 3360 583 3422 dum
602 3359 647 3422 ita
665 3381 695 3423 se
709 3372 816 3443 gerunt
826 3408 833 3435 ,
844 3364 1069 3444 prebendarum
1083 3386 1124 3432 ue¹
1137 3365 1200 3428 dis-

195 3440 388 3505 tributionem
400 3442 517 3523 [ructus
536 3445 657 3506 minimi
674 3464 742 3507 suos
756 3444 874 3526 facient
882 3472 895 3525 ,·
908 3458 936 3509 et
944 3458 1152 3529 cousequenter
1163 3470 1201 3511 no
1314 3463 1317 3468 ’

193 3523 233 3583 od
250 3544 352 3588 corum
364 3528 577 3588 restitutionem
588 3536 759 3589 'teneantur
774 3532 960 3611 Quapropter
982 3535 1199 3610 resuumerit,

192 3612 371 3674 venerabiles
381 3615 513 3688 Fratres,
527 3611 588 3676 lunc
602 3615 701 3700 omnio
722 3614 780 3674 illis
793 3618 924 3694 aperire,
935 3626 969 3679 ut
984 3635 1081 3695 neque
1092 3618 1201 3691 nobis,
