2642 4150
492 172 782 255 Poraprirno.§.ll.
1121 177 1141 235 t

168 276 199 336 8.
226 271 418 353 Duplicatum
443 272 625 352 stipendium
653 281 750 353 potest
779 272 914 334 sacerdos
948 289 1005 352 pro
1037 274 1141 336 eadem

128 359 217 420 missa
234 357 316 418 licitd
330 360 477 437 accipere,
504 357 678 436 applicando
699 359 811 437 petenti
831 365 946 435 partem
967 358 1056 418 etiam
1073 377 1141 438 spe-

127 444 317 504 cialissimam
325 442 437 503 lructds
447 443 564 520 ipsimet
574 443 734 504 celebranti
745 443 1035 522 correspondentenr,
1049 444 1140 524 idque

127 535 196 606 post
213 527 366 588 decretum
382 525 496 589 Urbani
511 528 601 589 VIII.

167 613 198 671 9.
217 613 287 673 Post
305 611 457 673 decretum
479 610 594 673 Urbani
616 620 713 691 potest
731 612 887 687 sacerdos,
908 612 956 673 cui
977 611 1073 673 missoe
1091 632 1140 675 ce-

127 695 279 757 lebrandae
301 697 486 767 traduntur,
504 715 558 774 per
579 698 671 757 alium
695 699 879 770 satisfacere,
900 696 1005 759 collato
1022 699 1065 759 illi
1082 700 1140 761 mi·

127 782 196 842 nori
215 781 364 859 stipendio
376 825 385 852 ,
399 776 455 840 alid
468 791 551 858 parte
560 782 698 861 stipendii
711 782 766 842 sibi
779 782 904 843 retenti.

166 866 216 924 10.
238 867 306 926 Non
325 874 370 925 est
388 874 490 924 contra
510 863 657 942 justitiam
680 884 735 944 pro
760 867 896 943 pluribus
918 867 1068 928 sacrificiis
1085 869 1139 930 sti·

83 972 97 987 *
126 946 271 1025 pendium
286 949 434 1026 accipere,
449 957 479 1007 et
499 948 675 1009 sacrificium
695 967 789 1008 unum
800 948 925 1026 offerre3
939 968 1035 1030 neque
1048 953 1136 1014 etiam

126 1039 286 1099 estcontra
303 1033 499 1102 fidelitatem,
520 1033 633 1092 etiamsi
651 1035 823 1112 promittam
838 1035 1035 1112 promissione
1048 1037 1137 1097 etiam

124 1115 295 1194 juramento
315 1118 449 1191 firmata,
473 1117 555 1177 danti
570 1118 776 1197 stipendium,
798 1118 879 1197 quod
896 1136 952 1199 pro
976 1120 1059 1181 nullo
1079 1122 1138 1183 alio

127 1200 262 1263 offeram.
1008 1198 1013 1213 “

167 1298 216 1357 11.
238 1298 359 1357 Peccata
377 1296 411 1356 in
423 1296 603 1357 consessione
615 1296 742 1373 omissa,
760 1313 811 1356 scu
833 1296 945 1370 oblita,
966 1297 1006 1359 ob
1025 1298 1137 1360 iustans

127 1380 297 1458 periculum
309 1382 377 1441 vita
390 1426 399 1455 ,
413 1392 464 1442 aut
477 1382 515 1442 ab
532 1382 621 1439 aliam
640 1399 779 1452 causam,
803 1397 865 1440 000
881 1391 1019 1442 tenemur
1040 1383 1072 1443 in
1091 1401 1137 1444 se·

128 1465 233 1542 quenti
248 1465 424 1526 consessione
443 1467 621 1545 exprimere.

167 1547 430 1610 sententiantes
448 1555 572 1630 possunt
595 1546 775 1608 absolveret
791 1545 905 1606 casibus
923 1546 1072 1627 Episcopis
1089 1567 1137 1612 rc·

127 1633 273 1707 servatis,
293 1652 354 1694 non
377 1635 498 1695 obtenti
519 1632 600 1693 adid
616 1633 829 1711 EpIseoporum
844 1631 989 1694 facultate.

163 1726 213 1788 15.
237 1726 381 1787 Satisiacit
408 1735 554 1807 praecepto
578 1743 685 1786 nunnae
717 1725 934 1799 confessionis,
961 1727 1013 1803 qui
1040 1727 1134 1790 confi·

125 1812 207 1869 tetur
228 1811 358 1890 regulari
383 1813 525 1890 Episcopo
548 1816 742 1890 presentato,
761 1810 814 1870 sed
835 1809 873 1870 ab
899 1826 935 1870 eo
956 1809 1066 1887 Iniuste
1086 1832 1135 1874 rc·

123 1894 258 1972 probato.

165 1981 214 2041 lt.
242 1982 300 2056 Qui
321 1981 389 2043 facit
407 1979 618 2041 consessionem
646 1978 813 2040 voluntarie
839 1979 972 2053 nullam,
998 1982 1135 2042 satisfacit

125 2077 273 2150 praecepto
292 2067 436 2130 Ecclesiae.
904 2137 908 2147 .

162 2163 374 2225 1010000000
387 2159 691 2241 propridauctoritate
706 2159 885 2220 substituere
901 2157 957 2220 sibi
974 2158 1064 2221 alium
1081 2177 1134 2237 po·

122 2255 199 2320 test,
210 2248 263 2327 qul
275 2247 339 2308 loco
351 2247 443 2325 Ipsius
457 2246 661 2324 poenitentIam
681 2245 850 2323 adimpleat.

160 2341 211 2400 Id.
227 2339 286 2413 Qui
298 2337 474 2399 beneficium
494 2344 631 2396 curatum
650 2335 783 2414 habent,
804 2343 929 2415 possunt
944 2336 1000 2399 sibi
1024 2338 1133 2416 eligere

120 2423 155 2483 in
173 2424 383 2485 confessarium
400 2422 762 2500 simplicem-sacerdotem
785 2440 846 2484 nou
874 2422 1068 2501 approbatum
1095 2421 1133 2481 ab

120 2507 290 2569 ordinario.
853 2515 855 2522 “
1133 2517 1136 2522 ’

161 2603 210 2661 17.
223 2603 274 2661 Est
283 2600 399 2661 licitum
410 2601 556 2679 RcIIgioso
567 2643 576 2671 ,
589 2600 636 2659 001
658 2600 765 2660 clerico
778 2599 1020 2659 calumniatorem
1033 2598 1133 2674 gravia

120 2685 246 2746 crimIna
268 2684 307 2745 de
328 2701 360 2744 se
377 2728 386 2755 ,
403 2685 451 2745 vel
477 2683 589 2743 desua
612 2682 756 2760 religione
777 2698 917 2760 spargere
943 2680 1130 2753 minantem,

121 2769 278 2843 occidere,
306 2769 424 2848 quando
449 2769 524 2828 alius
545 2767 651 2828 modus
680 2765 857 2827 defendendi
893 2781 953 2826 0οο
979 2764 1130 2844 suppetit,

120 2853 166 2913 uti
182 2863 341 2933 suppetere
365 2873 425 2915 000
445 2854 564 2918 videtur
578 2897 587 2926 ,
602 2852 626 2912 si
648 2852 844 2913 calumniator
869 2852 908 2914 sit
930 2859 1050 2930 paratus
1075 2851 1131 2931 ipsi

120 2935 290 3017 Religioso,
311 2939 359 2998 001
380 2938 444 3014 ejus
463 2936 600 3013 religioni
630 2935 749 3015 publice
774 2946 805 2997 et
826 2953 928 2998 eoram
951 2935 1134 3014 gravissimis

121 3021 193 3081 viris
210 3022 350 3100 praedieta
365 3022 550 3104 impingere,
576 3022 632 3083 nisi
655 3020 815 3082 occidatur.

157 3122 208 3181 18.
226 3122 307 3182 bicct
320 3122 487 3183 iuter-licere
505 3122 610 3182 salsum
628 3129 841 3193 accusatorem,
864 3119 951 3181 falsos
968 3126 1074 3193 testes,
1096 3138 1130 3180 00

119 3204 209 3264 011000
225 3203 364 3281 judices,
384 3204 402 3265 d
434 3223 495 3283 quo
521 3205 622 3283 iniqua
641 3204 722 3266 certd
742 3206 880 3266 imminet
906 3205 1077 3281 sententia,
1103 3204 1128 3262 si

118 3287 175 3349 ulid
193 3289 243 3350 vid
259 3308 321 3351 uon
336 3297 435 3369 potest
452 3290 592 3350 innocens
611 3290 753 3351 damnum
772 3291 895 3358 euitare.

155 3382 207 3442 19.
220 3383 288 3444 Non
307 3391 407 3461 peccat
420 3383 543 3452 maritus
562 3383 696 3446 occidens
718 3383 838 3462 proprid
860 3382 1034 3443 auctoritate
1051 3393 1127 3445 ,uxo-

120 3480 184 3526 rem
201 3466 233 3526 10
244 3466 401 3527 adulterio
424 3465 649 3544 deprehensam.

156 3558 205 3617 20.
224 3558 383 3622 Restitutio
399 3557 416 3618 a
433 3557 490 3619 Pio
511 3561 546 3622 V.
558 3559 702 3638 'imposita
723 3558 902 3621 beneficiatis
919 3569 979 3612 non
1000 3550 1127 3611 recitan-
