2642 4150
181 146 221 206 li
325 114 329 123 Ι
386 141 430 202 De
444 134 765 218 roomnoruntl’ontis.
781 135 901 199 decretis
914 181 922 208 ‚
937 143 989 199 cte.

182 260 265 323 posse
283 241 458 313 confidimus
470 286 478 311 ,
491 240 581 319 quiam
599 242 623 301 si
642 241 737 302 divini
755 240 851 302 cultius
873 246 1083 318 augmentum,
1100 245 1189 320 atque

184 338 314 407 exactam
331 327 589 397 ecclesiasticarum
610 326 795 385 sanctionum
818 325 850 385 in
870 324 993 401 singulis
1016 324 1189 384 dioecesibus

183 408 345 479 custodiam
365 411 509 489 religiosas
533 410 719 487 vigilantium
739 418 889 489 pastorum
910 427 1008 484 curae,
1026 409 1189 477 identidem

184 497 373 569 inculcando,
392 495 644 557 commendemus.
798 513 800 519 ·
876 562 879 567 ,
962 552 965 567 ‚

223 583 317 659 llujus
335 580 425 661 porrb
446 581 582 660 Epistoloe
597 580 634 643 ad
649 598 702 641 vos
715 578 878 640 scribendae
901 579 1082 640 occasionem
1104 580 1190 640 nobis

184 676 273 745 atque
288 662 545 744 argumentumin
560 665 665 743 primis
681 666 791 742 prebet
810 683 885 725 onus
897 663 970 724 illud
982 706 991 734 ,
1002 665 1080 742 quod
1094 667 1191 725 omni·

184 752 243 817 bus.
258 753 423 812 animarum
444 768 545 817 euram
562 750 732 827 gerentibus
751 749 913 820 incumbit,
933 747 1099 826 applicandi
1121 750 1191 808 mis·

185 853 247 896 sam
264 835 459 914 parochialem
473 852 528 913 pro
546 834 656 913 populo
677 835 810 911 ipsorum
833 852 912 894 curae
930 834 1084 893 commisso
1102 855 1111 891 ε
1127 833 1191 895 tiam

186 921 273 989 etiam
288 922 445 1000 applicatio
464 921 558 980 missoe
574 919 794 983 conventualis.
806 937 873 996 quea
891 937 954 998 pro
961 918 1192 995 henelaetoribos

185 1006 217 1066 in
237 1025 344 1086 genere
359 1006 490 1079 iacienda
506 1011 550 1064 est
564 1004 601 1063 ah
615 1004 670 1073 iis,
686 1004 749 1080 quiv
760 1004 861 1065 missas
882 1012 991 1063 canunt
1006 1004 1037 1062 in
1065 1004 1192 1063 ecelesiis

186 1090 447 1170 patriarchalibus,
461 1087 696 1166 metropolitanis
706 1105 721 1159 ,·
735 1087 969 1159 cathedralibus,
981 1087 1192 1165 etcollcgiatis;

187 1176 251 1237 tium
265 1177 395 1253 donique
408 1176 541 1236 debitum
564 1173 726 1251 psallendi,
741 1191 801 1249 quo
816 1181 954 1233 tenentur
969 1172 1102 1232 canonici
1117 1191 1193 1251 prae·

187 1261 333 1321 dictarum
344 1259 536 1319 Ecclesiarum
553 1257 645 1329 choro
668 1259 845 1327 assistentes.
858 1255 949 1333 cnjus
965 1256 1086 1334 quidem
1106 1276 1194 1335 argo·

187 1347 279 1406 ruenti
302 1342 425 1404 minime
454 1360 549 1414 nova,
572 1343 624 1402 sed
647 1340 879 1420 bseriptoribus
907 1342 1076 1418 frequenter
1093 1340 1193 1403 habita

188 1431 320 1491 tractatio
338 1435 402 1504 cst3
424 1426 551 1505 eumque
568 1445 602 1487 ea
626 1444 674 1487 res
702 1428 734 1485 iu
756 1425 845 1503 hujus
865 1427 949 1486 alme
972 1427 1059 1486 Urbis
1086 1437 1194 1488 nostrae

186 1513 482 1594 congregationibus,
497 1520 527 1572 et
545 1512 733 1590 potissimbm
750 1512 781 1571 in
795 1512 1025 1589 congregatione
1040 1513 1194 1573 venerabi·

187 1603 259 1662 lium
272 1603 398 1660 fratrum
414 1607 585 1659 nostrorum
598 1598 627 1655 S.
641 1600 678 1656 ll.
689 1597 929 1656 leontinotion
943 1598 1196 1669 coneiliil'ridcn·

187 1687 242 1747 tini
257 1689 473 1763 interpretum,
485 1682 569 1758 cujus
587 1685 736 1742 secretarii
758 1698 881 1743 monere
901 1683 971 1742 olim
985 1684 1014 1742 in
1029 1685 1193 1747 minoribns

187 1771 338 1835 constituti
363 1770 471 1831 multos
489 1784 581 1828 annos
602 1767 748 1844 perfuncti
772 1784 891 1835 sumus,
906 1767 1054 1828 multoties
1067 1769 1194 1830 discusse

187 1875 220 1917 oc
236 1854 356 1916 delinita
375 1853 482 1929 luerit3
502 1852 636 1930 quamvis
662 1850 834 1912 earumdem
853 1852 1118 1929 congregationum
1142 1846 1196 1914 de}

187 1950 264 2003 creta
284 1930 459 2018 plerumque
485 1937 560 1996 eirea
580 1954 645 1995 enm
661 1936 839 2005 uniformia,
858 1945 889 1995 et
908 1936 963 1994 sibi
984 1953 1108 1997 consona
1123 1956 1194 2016 pro·

186 2027 320 2096 dierint',
336 2039 499 2101 eorumque
526 2025 718 2083 decretorum
744 2021 887 2082 nonnulla
906 2021 994 2081 etiam
1012 2022 1193 2100 pontificiam

186 2113 431 2193 predecessorum
443 2117 611 2168 nostrorum
623 2105 882 2185 approlatio‘nem,
896 2116 926 2167 et
939 2107 1194 2178 confirmationem

188 2197 350 2264 meruerint
362 2216 371 2270 3
385 2191 508 2253 minime
520 2200 618 2266 tameo
643 2192 813 2251 mirandum
832 2200 907 2251 esset
917 2236 925 2265 ‚
937 2209 1041 2251 eorum
1058 2194 1193 2260 notitiam

187 2284 224 2343 ad
245 2277 526 2358 singulos'quosque
552 2276 684 2336 vestrim
706 2294 766 2336 non
796 2275 892 2336 adhue
913 2277 1091 2355 peruenisse.
1115 2267 1195 2351 Qua'·

187 2377 310 2449 propter
327 2383 386 2424 non
410 2362 500 2423 modd
518 2372 721 2441 opportunum
734 2407 742 2432 ,
756 2360 863 2426 vcrt'tm
886 2362 974 2424 etiam
998 2364 1194 2423 necessarium

187 2454 342 2521 duximus,
358 2448 539 2526 Euryclicom
560 2445 634 2508 hane
655 2447 815 2524 Epistolam
829 2441 866 2516 ad
888 2455 943 2524 φ
965 2447 1113 2520 scribere,
1139 2466 1194 2525 per

187 2558 294 2620 quam,
314 2534 428 2594 sublata
445 2530 565 2592 demhm
584 2531 786 2610 diversarum,
801 2536 831 2593 in
852 2550 923 2630 quas
943 2533 1100 2609 scriptores
1112 2532 1195 2592 abie-

186 2630 280 2694 runt,
300 2620 475 2698 opinionum
491 2617 650 2688 varietate,
666 2627 802 2677 constans
820 2616 909 2694 hujus
931 2616 1095 2694 apostolicae
1110 2617 1194 2678 Sedis

186 2708 330 2771 sententia
348 2703 494 2783 praedietis
516 2702 660 2762 derebus
681 2703 801 2763 cuilibet
820 2703 1001 2772 innoteseat,
1023 2710 1055 2761 et
1076 2704 1194 2763 Frater-

187 2793 328 2855 nitatibus
354 2789 460 2849 vestris
480 2786 613 2864 quiedam
633 2787 727 2846 veluti
744 2804 849 2848 norma
870 2804 903 2846 ae
919 2787 1019 2864 regula
1036 2796 1193 2864 suppetat,

183 2878 266 2956 juxta
287 2891 376 2952 quam
394 2871 566 2950 synodales,
582 2871 712 2948 aliasque
732 2879 841 2931 vestras
860 2870 935 2931 circa
950 2870 1098 2948 praemissa
1115 2873 1195 2932 con·

183 2961 353 3022 stitutiones
364 2956 589 3028 ‚ordinationes
600 2999 608 3027 ,
620 2973 671 3015 seu
690 2956 946 3033 Edicta,quorum
964 2955 1194 3041 publicationem
1299 3019 1303 3030 ,

187 3045 270 3108 vobis
291 3041 491 3121 injungimus,
509 3040 637 3119 dirigere
660 3042 793 3102 valeatis.
818 3044 928 3101 Eorum
948 3039 1022 3102 vero
1044 3043 1195 3104 executio·

79 3132 95 3152 ³
187 3149 275 3202 nem,
299 3126 389 3205 dbm,
413 3125 495 3204 juxta
513 3145 565 3198 eo,
586 3145 653 3204 quae
681 3128 713 3187 in
735 3126 929 3204 praesentibus
955 3125 1080 3188 tenoada
1105 3134 1196 3203 atque

182 3214 325 3278 servanda
348 3203 579 3292 praescribimus,
602 3212 700 3286 omni,
725 3229 784 3288 qua
802 3210 906 3280 decet,
929 3209 1129 3269 sollieitudine
1160 3228 1196 3272 aa

185 3298 338 3379 uigilantia
354 3314 459 3375 urgere
474 3296 647 3366 studebitis,
660 3292 783 3354 minimis
801 3292 999 3353 dubitandum
1013 3293 1098 3356 vobis
1110 3296 1170 3354 erit
1186 3337 1195 3367 ‚

186 3403 224 3448 ne
247 3390 424 3446 statutorum
443 3389 610 3440 vestrorum
632 3380 828 3454 implemento¹
849 3377 984 3448 obiectu,
1003 3385 1055 3435 aut
1077 3396 1196 3442 moram

186 3469 291 3530 afferre
316 3467 431 3525 valeant
447 3481 582 3524 recursus
609 3463 645 3520 ad
670 3462 757 3538 liujus
784 3470 893 3521 nostrae
919 3463 1009 3521 eurise
1033 3460 1197 3524 tribunalia

187 3551 308 3611 forsitan
324 3546 670 3626 hahend1511tpotequos
691 3547 813 3618 omnino
834 3546 1009 3625 rejiciendos
1032 3562 1094 3608 csse
1114 3564 1197 3624 pree,
