2642 4150
152 142 210 204 208
575 119 730 223 Appendirc

150 243 210 317 jam
233 242 338 302 meritb
361 240 494 318 expressa
514 237 679 317 damnatus)
694 264 701 298 r
719 240 802 315 cujus
825 258 886 301 non
911 242 1005 303 deluit
1032 243 1155 320 quidam

155 324 296 401 insipiens
309 368 317 396 ‚
335 332 369 384 ut
389 324 480 384 refert
493 326 599 383 Petrus
609 321 716 400 Bapie.
729 324 807 382 Dici.
819 323 897 383 verb.
911 326 1005 384 Guar.
1016 328 1159 405 Renmrq.

155 406 210 467 litt.
225 408 256 466 C.
267 425 336 486 pap.
353 408 429 467 ttlt
437 451 447 483 ,
461 408 512 484 qui
526 408 649 465 tutelam
665 405 754 482 hujus
766 407 922 482 perniciosi
940 408 1032 469 libelli
1045 428 1161 469 assum·

154 489 231 567 psit,
252 490 353 568 inepte
372 491 471 550 dicens
492 488 566 549 nihil
588 488 689 548 damni
711 507 780 549 eum
807 491 984 561 allaturum,
1005 493 1029 551 si
1053 496 1161 569 puelloe

154 573 171 633 l
189 591 222 632 se
241 576 385 652 repellant
402 573 534 632 amasios.
553 572 609 631 Sed
629 572 705 633 bend
725 574 803 633 idem
821 571 936 651 Rapio,
954 574 1022 635 lieet
1040 578 1088 635 vir
1100 580 1160 637 im·

156 658 220 736 pius
232 700 241 728 ,
255 667 285 717 et
300 658 363 717 sine
381 656 460 724 lide,
486 657 527 714 sic
548 656 730 736 defensorem
745 656 828 715 illurn
841 657 985 716 insulsum
999 661 1163 736 exprobrat

156 737 230 819 (ejus
245 741 335 800 rerba
353 738 370 800 b
385 739 491 815 gallico
513 739 652 799 idiomate
668 740 701 797 in
720 740 845 799 latinum
860 741 1073 818 transierimus)
1086 764 1094 799 ε
1109 747 1166 805 Rc*

156 823 272 903 sponsio
296 822 356 883 bac
376 821 535 902 sophistica
560 830 623 894 est,
646 840 718 881 narn
738 823 805 900 ipsa
827 822 1020 885 conditionem
1044 826 1159 906 eripit,

157 923 247 987 quam
268 906 340 969 liber
354 904 430 966 idern
449 902 654 985 difficillimam
676 905 779 965 reddit.
800 910 886 965 Duas
900 915 932 965 tu
949 926 995 969 res
1013 910 1158 986 requiris,

157 996 191 1049 ut
212 998 298 1051 ticum
315 988 446 1070 leporius
468 1005 562 1067 opus,
584 996 613 1047 et
633 997 669 1048 ut
690 987 819 1047 amasios
841 986 1029 1068 repellamus.
1045 993 1081 1050 Si
1099 990 1160 1052 brec

156 1072 214 1135 duo
230 1071 320 1134 simul
338 1070 482 1151 requiris,
501 1070 632 1152 injustus
651 1089 698 1147 es,
714 1070 786 1148 quia
809 1069 885 1131 idem
899 1080 1034 1132 nostrum
1052 1080 1160 1152 poetria

156 1158 217 1219 cim
233 1154 390 1237 repellendi
401 1154 484 1218 nobis
494 1154 603 1231 aufert.
617 1152 700 1213 Illud
712 1157 802 1234 porrb
813 1154 963 1215 amoribus
973 1164 1025 1215 nos
1037 1155 1159 1232 impiet,

156 1242 414 1321 concupiscentiam
434 1236 586 1309 accendit,
606 1246 730 1298 mentem
749 1236 906 1297 deturbat:
920 1235 996 1314 illud
1011 1239 1052 1298 cd
1072 1258 1164 1300 ama-

156 1325 269 1387 siorum
290 1322 478 1405 presentiam
503 1321 693 1402 expetendam
715 1340 770 1383 nos
789 1320 929 1382 uiolenter
951 1321 1079 1403 impellit.
1099 1324 1162 1385 Sed

105 1465 109 1474 ,
157 1408 244 1481 acto,
258 1407 337 1492 qubd
352 1424 398 1466 eos
418 1401 635 1485 repelleremus,
655 1424 753 1466 nonne
770 1413 893 1485 propter
903 1404 1070 1485 hujusmodi
1082 1425 1160 1465 nar·

157 1493 285 1553 rationes
302 1488 404 1550 multis
421 1487 548 1567 imparis
564 1488 751 1567 passionibus
764 1488 902 1568 reposita·
914 1509 949 1549 aa
958 1490 1089 1549 excitatae
1102 1490 1163 1549 rui·

149 1575 218 1637 'sere
240 1574 461 1635 inveniremur?
477 1573 513 1630 Et
535 1571 642 1632 deinde
666 1572 853 1651 prosequitur
877 1570 972 1653 Baple
993 1571 1030 1631 ad
1051 1574 1161 1634 exhor·

158 1660 300 1730 tandum,
314 1657 394 1736 qubd
412 1656 474 1716 hare
492 1654 636 1716 librorum
651 1675 757 1735 genera
771 1656 903 1734 undiquc
916 1664 945 1716 et
958 1657 1081 1719 omninb
1096 1659 1163 1719 abo*

158 1744 286 1804 leantur.
1158 1767 1159 1770 ¹

195 1829 249 1889 Xl.
268 1826 389 1904 Scripsit
403 1824 516 1897 Cicero,
530 1823 580 1886 lib.
596 1829 626 1886 2.
640 1821 799 1884 Tusculan.
815 1826 924 1897 Quaest.
938 1825 1061 1886 Videsne
1068 1834 1163 1907 poitur

157 1916 229 1993 quot
245 1905 320 1968 mali
332 1906 493 1987 adferant?
509 1906 648 1969 molliunt
660 1907 776 1968 animos
792 1916 908 1969 nostros
911 1951 968 1969 .....
988 1927 1093 1971 nervos
1105 1917 1164 1970 ona<

158 2013 208 2056 nes
229 1991 349 2055 uirtutis
368 1991 491 2053 elidunt.
512 1994 587 2060 ilinc
612 1990 837 2067 Quintilianus,
858 1989 909 2053 lib.
928 1994 958 2051 l.
975 2011 1000 2053 c.
1022 1995 1070 2053 lt.
1092 2012 1163 2074 pro·

159 2079 283 2151 hibuit,
304 2096 341 2137 ne
368 2095 507 2155 umquam
536 2078 606 2137 libri
631 2077 778 2152 Horatii,
806 2085 837 2136 et
867 2077 994 2136 aliorum
1019 2077 1163 2139 similium

160 2166 313 2241 poiitarum
343 2162 442 2240 pueris
476 2162 721 2239 explicarentur3
753 2170 784 2220 ct
814 2161 847 2220 S.
873 2162 1071 2237 Hieronymus
1099 2163 1159 2239 Ep.

160 2249 227 2307 ltu.
255 2246 330 2306 dixit
357 2267 365 2304 r
394 2246 543 2305 Damonis
564 2243 644 2304 cibus
665 2251 708 2304 est
735 2250 890 2324 politorum
919 2244 1064 2303 saratino.
1095 2246 1163 2320 lpse

159 2330 323 2403 lutherus,
344 2331 476 2406 quamvis
494 2329 624 2388 moribus
641 2328 838 2399 foedissimus,
857 2328 999 2403 scripsit:
1021 2330 1166 2388 Necessa-

160 2414 239 2475 rium
251 2421 308 2488 est,
327 2422 362 2474 ut
379 2409 450 2473 libri
462 2409 617 2473 luvenalis
626 2457 636 2489 ,
653 2409 825 2487 Martialis,
846 2408 973 2481 Catulli,
990 2420 1018 2472 et
1030 2412 1165 2491 Priapea

164 2497 285 2581 Vispilii
311 2517 348 2559 ea
372 2495 506 2558 omnibus
531 2495 599 2557 locis
630 2505 657 2556 et
678 2494 782 2556 sobolis
807 2494 1057 2567 exterminentur,
1089 2498 1166 2576 quia

161 2592 222 2646 tarn
250 2583 350 2663 turpia
376 2590 405 2641 ct
434 2580 565 2643 obscoena
589 2578 748 2650 scribunt,
780 2588 816 2638 ut
838 2580 902 2639 sine
932 2596 1039 2659 nrcparo
1071 2578 1165 2638 detri-

159 2676 256 2731 mento
281 2664 449 2747 juventutis
479 2683 540 2724 iton
569 2664 681 2744 possint
716 2660 782 2742 lapi.
804 2663 936 2732 Similis,
966 2661 1027 2723 imb
1060 2663 1166 2740 perni-

160 2754 265 2812 ciosior
280 2763 323 2812 est
341 2753 416 2811 liber
432 2751 584 2827 pestilerus
600 2748 739 2807 Boccacii
757 2746 870 2818 (adhuc
890 2749 962 2824 illc,
978 2747 1030 2824 qui
1048 2764 1166 2823 expur-

160 2848 242 2914 gatus
261 2835 390 2906 dicitur,
411 2844 441 2893 et
461 2831 698 2908 circumfertur),
720 2831 770 2907 qui
796 2848 862 2890 meo
886 2849 971 2889 sensu
994 2831 1060 2906 plus
1076 2830 1168 2905 juve-

161 2922 248 2980 nibus
266 2919 371 2979 nocbrc
393 2925 505 2995 potest,
520 2915 607 2991 qubm
621 2932 710 2990 opera
722 2912 847 2974 Lutbert'
859 2923 889 2975 et
902 2911 1030 2975 Caluini.
1044 2915 1084 2972 dt
1099 2912 1166 2986 ibi,

160 3003 314 3084 proferunt
328 3002 435 3078 aliqui,
448 3001 587 3058 selectum
607 2998 715 3056 idioma
734 2999 858 3057 discitur
870 3043 879 3070 ,
890 3007 920 3057 ct
940 2999 1023 3075 plura
1037 2998 1167 3071 adsunt,

160 3106 226 3164 quae
249 3084 285 3143 ad
305 3085 397 3142 bonos
420 3100 516 3141 mores
539 3082 702 3139 instruunt.
726 3081 783 3140 Sed
808 3082 883 3141 bend
906 3080 1066 3157 respondet
1091 3078 1167 3141 huic

159 3162 1166 3239 loannesGerson,scribensadversdsltomantiumlleRosarsuntne,

160 3269 274 3336 quoeso,
298 3258 451 3331 propterea
470 3244 552 3308 mala
575 3249 608 3308 in
620 3266 651 3307 eo
669 3245 785 3307 deleta?
800 3247 885 3327 lpnis
896 3255 939 3308 cst
958 3246 1164 3327 periculosior.

160 3341 277 3401 Harnus
300 3343 381 3395 nocet
406 3333 497 3413 pisci,
521 3332 550 3393 si
578 3338 726 3410 cobpcrtus
746 3332 785 3391 sit
804 3336 880 3391 esca.
905 3329 1031 3391 Gladius
1056 3339 1168 3393 unctus

159 3418 242 3482 melle
253 3418 359 3499 [eritne
370 3414 492 3477 mincis?
502 3415 606 3475 Subdit
616 3415 763 3491 sapienter
775 3417 949 3477 Gretscrusr
962 3415 1001 3473 m
1011 3411 1072 3473 brec
1085 3412 1169 3474 bono

160 3524 238 3584 pura
256 3512 296 3568 et,
309 3502 423 3566 sirucru
445 3502 478 3564 in
502 3497 710 3565 catholicorum
732 3497 816 3564 libris
839 3500 981 3585 reperies,·
1001 3497 1076 3578 qrcid
1095 3500 1168 3575 erpo
