2642 4150
157 211 216 275 tlt
350 209 396 273 De
411 223 603 272 romanoram
618 205 736 289 Pontis.
749 205 890 288 demeb's,
903 216 957 274 etc.

157 314 363 393 negligerent,
384 311 513 372 subdens
537 310 616 371 inter
636 311 721 371 alias
744 308 804 384 Qui
825 318 924 372 aalma
946 310 980 372 in
1005 313 1053 377 bia
1073 316 1167 396 (qnod

157 397 245 477 obsit)
257 405 313 460 ont
322 392 497 476 negligentes
506 392 582 455 cisae
593 393 787 456 inobedientes
795 390 911 474 suerint
920 397 1164 471 incendiarium,

157 500 188 545 sa
203 483 308 545 necin
329 488 430 544 nostra
450 479 574 559 imperio
595 479 718 542 leonores
740 480 884 553 retinere,
904 478 972 541 licit
992 485 1082 546 etiorb
1097 484 1169 567 >filit

158 571 254 631 nostri
273 564 410 649 suerint,
430 583 482 626 nee
495 565 529 625 in
546 562 663 647 potatio
687 562 800 639 locam,
824 583 917 647 neque
938 565 1089 631 nobiseum
1111 579 1167 632 out

157 671 225 714 eam
237 651 347 715 nostris
359 649 523 713 societatem
544 656 601 710 out
617 649 856 728 communitatem
869 646 964 711 uilem
981 650 1102 729 babere,
1116 653 1170 717 sed

157 736 254 817 mopis
274 734 329 799 snb
350 733 530 797 districtione
550 742 579 795 ct
602 733 743 795 ariditate
760 751 864 815 penos
883 731 976 797 iacnt.

196 821 342 881 Volumus
365 828 485 893 autem,
508 830 542 882 ut
567 819 738 879 earumdem
761 820 951 897 presentium
973 824 1167 901 transumptis

158 906 247 966 etiam
268 904 543 983 impressis„manu
565 902 689 980 alicujus
709 904 817 963 notarii
837 902 946 981 publici
969 906 1165 986 subscriptis,

159 998 189 1050 et
206 991 304 1069 sigillo
315 1006 450 1068 personae
469 989 502 1049 in
520 988 665 1066 dignitate
679 988 870 1048 ecclesiastiea
887 991 1053 1052 constitutas
1067 993 1168 1053 muni·
1185 1037 1196 1061 .,

159 1075 213 1149 tis,
232 1075 334 1136 cadem
351 1072 425 1133 fides
443 1071 566 1151 prorsuis
587 1071 781 1142 adhibentur,
802 1090 868 1150 quse
886 1073 957 1151 ipsis
975 1071 1168 1155 originalibus

159 1159 267 1232 litteris
283 1156 495 1228 adhiberetur,
515 1158 540 1217 si
559 1156 657 1217 forent
675 1156 815 1217 exhibitae
836 1156 884 1216 vel
907 1165 1038 1219 ostense.

177 1293 181 1306 .
198 1243 280 1304 Nulli
299 1260 370 1321 ergo
390 1240 550 1302 hominurn
578 1241 664 1302 liceat
681 1241 757 1301 hane
779 1241 916 1319 paginam
939 1252 1047 1303 nostre
1059 1238 1180 1306 confir·

161 1327 320 1399 matianis,
344 1326 564 1398 innovationis,
578 1325 819 1404 approbationis,
841 1327 1072 1400 commissionis,
1082 1325 1169 1391 inro-

161 1412 304 1484 cationis,
323 1410 541 1489 requisitionis,
560 1409 690 1482 decreti,
702 1418 733 1470 et
745 1410 906 1470 voluntatis
923 1410 1104 1489 intringere,
1120 1414 1168 1473 rcl

162 1499 274 1560 einusu
285 1496 443 1557 temerario
456 1499 622 1558 contraire:
633 1495 658 1555 si
671 1495 738 1572 quis
752 1500 852 1553 autem
866 1491 923 1554 hoe
936 1501 1079 1556 attentare
1091 1514 1169 1574 prae·

161 1582 343 1660 sumpserit,
368 1579 602 1657 indignationem
633 1579 846 1658 omnipotentis
865 1580 919 1639 Dei
950 1596 984 1638 ac
1012 1578 1169 1642 beatorum

163 1668 244 1728 Petri
263 1676 293 1727 et
312 1666 395 1726 Pauli
413 1666 614 1742 apostolorum
636 1664 700 1741 ejus
718 1681 750 1724 se
771 1665 889 1725 noverit
908 1665 1109 1726 incursurum.

201 1752 310 1810 Datum
338 1751 462 1820 Rome,
490 1750 569 1827 apud
596 1760 727 1809 sanctam
753 1750 874 1810 Mariam
897 1748 1062 1825 bimarem,
1090 1769 1170 1813 anno

164 1832 378 1896 iucarnationis
394 1833 556 1893 Dominicae
573 1834 731 1894 millesimo
749 1834 1008 1912 septingentesimo
1022 1834 1171 1914 quinqua-

163 1920 275 1998 gesimo
295 1919 410 1995 primo,
424 1915 540 1978 decimo
563 1918 668 1997 quinto
689 1918 825 1978 calendas
846 1918 966 1996 aprilis,
983 1918 1171 1996 pontificatis

164 2004 257 2066 nostri
272 2020 350 2063 anno
372 2000 538 2063 undecimo.

203 2090 322 2149 Utinam
338 2088 389 2166 qui
414 2106 516 2148 rerum
541 2098 612 2151 tune
635 2089 843 2168 potiebantur,
870 2089 944 2147 tanti
970 2086 1033 2147 hae
1052 2088 1183 2151 decreta

163 2173 316 2244 iecissent,
337 2172 440 2249 quanti
461 2179 527 2233 tum
542 2175 675 2234 Ecclesiae
693 2182 760 2234 tum
782 2172 951 2249 reipublice
969 2172 1047 2232 salus
1067 2183 1171 2252 postu·

164 2257 262 2321 laboti
292 2258 411 2318 Utinam
435 2258 491 2317 sibi
515 2259 747 2335 persuasissent,
771 2259 804 2317 in
818 2257 959 2318 Romanis
979 2257 1171 2318 Pontificibus

164 2341 242 2403 beati
260 2342 338 2400 Petri
350 2342 564 2402 successoribus
577 2359 638 2403 non
655 2342 746 2404 madh
764 2341 898 2402 Ecclesiae
915 2341 1061 2401 universa
1072 2349 1172 2419 pasto·

72 2494 75 2499 ,
164 2444 212 2487 res
229 2434 259 2487 et
277 2425 450 2503 magistros,
468 2425 624 2485 sedetiam
642 2435 780 2487 strenuos
791 2444 895 2487 eorum
908 2425 1058 2504 dignitatis
1069 2426 1172 2485 deien-

165 2529 246 2573 sores
269 2518 300 2571 et
319 2510 558 2589 diligentissimos
573 2511 777 2589 periculorum
795 2528 861 2589 quae
883 2511 1040 2571 imminent
1060 2510 1172 2570 indices

164 2597 312 2675 suscipere
330 2596 362 2655 se
382 2594 510 2656 debere!
527 2597 646 2656 Utinam
666 2602 808 2673 potestate
822 2595 870 2655 illa
888 2612 940 2653 sua
960 2595 1005 2654 usi
1021 2603 1117 2654 essent
1134 2594 1171 2653 ad

165 2690 256 2743 sectas
272 2680 495 2750 convellendas,
509 2685 636 2758 quarum
647 2681 784 2758 pestilera
797 2680 917 2741 consilia
932 2679 970 2738 iis
981 2678 998 2739 a
1010 2679 1086 2740 Sede
1098 2696 1172 2757 apo·

165 2767 265 2827 stolien
277 2766 394 2826 fuerant
407 2766 566 2844 patefacta!
583 2767 650 2826 lam
669 2766 707 2827 ab
726 2783 762 2826 eo
781 2775 915 2844 ternpore
926 2783 989 2826 rem
1002 2765 1090 2844 plane
1102 2783 1173 2824 eon·

165 2850 309 2911 iecissent.
330 2851 369 2909 Aa
391 2847 477 2922 eiam,
495 2850 557 2910 sive
578 2850 770 2910 sectariorum
791 2850 895 2910 troade
912 2869 959 2910 res
976 2854 1051 2911 'suas
1069 2849 1174 2910 callide

165 2933 395 3004 occultantium,
412 2934 473 2993 sive
491 2934 730 3013 imprudentibus
741 2935 954 2996 nonnullarum
970 2934 1172 3005 suasionibus,
1199 2952 1202 2959 ·

166 3035 293 3077 eausam>
307 3015 382 3076 hanc
403 3018 608 3096 negligendam
630 3020 679 3079 vel
698 3022 801 3081 saltem
823 3020 969 3082 levissimi
992 3019 1175 3081 tractandam

163 3098 384 3180 judicaverint,
406 3118 443 3160 ex
462 3103 610 3161 veteribus
631 3103 691 3163 illis
710 3105 879 3167 massonieis
892 3106 994 3179 sectis,
1009 3122 1076 3184 qum
1095 3123 1175 3165 nun·

167 3195 255 3266 quarn
283 3186 471 3264 friguerunt,
486 3187 550 3248 aliae
575 3190 742 3269 complures
764 3200 873 3252 exortae
899 3200 970 3253 sunt
993 3191 1091 3253 multb
1114 3191 1175 3251 illis

166 3271 327 3345 deteriores
352 3279 382 3331 et
401 3271 579 3332 audaciores.
597 3274 654 3334 llas
679 3292 783 3337 omnes
806 3276 900 3337 relati
923 3278 991 3337 sinu
1017 3294 1071 3338 suo
1093 3293 1175 3337 eom·

167 3356 253 3434 plecti
273 3354 334 3415 risa
353 3365 396 3415 est
407 3355 656 3418 Carbonariorum
668 3369 761 3435 secta,
775 3379 842 3438 quae
855 3372 1028 3423 caeterarum
1039 3361 1177 3441 princeps
1201 3376 1202 3379 ’

167 3441 199 3501 in
216 3441 298 3500 ltalia
319 3440 442 3518 aliisque
462 3443 613 3503 nonnullis
635 3446 668 3506 in
692 3446 863 3524 regionibus
885 3448 1071 3521 habebatur,
1091 3456 1122 3507 et
1142 3446 1174 3506 in

167 3523 262 3584 varios
280 3524 371 3584 veluti
394 3543 493 3586 ramos
510 3527 602 3588 diuisa
622 3530 745 3591 nomine
765 3529 851 3592 tentis
869 3532 1000 3593 diuersas
1011 3576 1019 3603 ,
1031 3529 1176 3593 acerrimis

169 3603 339 3669 catholicam
353 3610 557 3690 Religionem,
577 3621 607 3673 et
626 3631 794 3692 supremam
807 3634 956 3695 quamque
968 3616 1085 3678 civilem
1103 3616 1177 3696 legi·
