2642 4150
367 187 371 193 '
441 178 521 244 Port
536 174 673 240 amenta.
692 182 791 259 rapio
806 180 853 244 tt.
1110 179 1150 249 93

140 286 357 355 deliberatione
367 285 493 359 nostris,
505 288 600 365 deque
611 281 937 366 apostoliooepetestatis
947 282 1147 361 plenitudine,

140 375 315 438 earumdem
339 371 529 452 presentium
552 379 675 442 tenore,
696 368 815 439 omnio,
829 376 858 428 et
871 365 993 448 airepoln
1012 370 1148 448 indulto,

142 459 298 539 privilegia
309 501 318 529 ,
331 454 561 535 prerogativae,
573 452 740 528 facultates,
753 452 903 525 licentias,
920 461 951 512 et
965 471 1152 534 quocumque

141 545 202 604 alio
219 550 305 621 paeto
321 546 504 617 nuncupatas
525 538 723 598 eoneesdones
739 537 877 597 omnibus
896 544 926 598 et
944 538 1068 615 singulis
1084 540 1152 619 qui·

143 622 552 705 busenmque-eeelesiastieis
580 620 712 699 personis
738 622 925 699 qudcumque
953 624 1150 695 auctoritate,

143 711 309 791 dignitate,
333 707 470 779 bonore,
488 706 710 784 praeeminendi
738 724 771 765 ae
789 705 997 782 jurisdictione
1025 707 1152 790 lungen-

143 796 245 868 tibus,
261 795 353 855 etiam
375 790 594 852 venerabilibus
614 790 766 851 Fratribus
786 792 894 850 nostris
906 792 936 850 S.
952 793 987 852 ll.
1001 794 1034 852 Ε.
1047 794 1152 856 Cordi·

143 880 263 941 natibus
271 923 281 955 ,
296 879 359 939 sive
374 876 515 954 singulis,
532 875 594 934 sive
614 874 786 935 eorumdem
807 874 1009 935 Cardinalium
1022 879 1152 959 Congre-

46 1002 50 1009 -
144 963 335 1042 grationibus,
359 960 449 1020 etiam
471 960 509 1019 do
526 960 618 1019 latere
637 960 761 1037 legatis,
782 961 844 1019 sive
857 961 908 1038 qui
921 962 1080 1038 provinciis
1094 1005 1103 1034 ‚
1119 971 1152 1024 et

141 1046 343 1123 legationibus
363 1042 455 1103 status
474 1045 565 1104 nostri
584 1043 767 1104 ecelesiastici
781 1061 836 1122 pro
850 1052 983 1122 tempore
1003 1054 1149 1123 proesunt,

148 1131 212 1190 sive
225 1147 297 1208 quos
313 1129 348 1189 ad
360 1127 545 1188 charissimos
559 1126 718 1188 indhristo
735 1127 811 1186 lilios
828 1137 942 1194 nostros
951 1130 1153 1189 Romanorum

143 1232 252 1294 regum
266 1215 297 1273 in
312 1215 520 1292 imperatorem
534 1231 589 1291 pro
603 1221 736 1289 tempore
749 1211 916 1289 eligendum
928 1256 936 1283 ‚
946 1213 993 1271 rel
1008 1213 1152 1282 electum,

148 1317 233 1379 reges
243 1344 251 1370 ‚
263 1308 293 1358 et
307 1298 422 1375 reginas
437 1297 584 1368 illustres,
596 1298 723 1373 aliasque
737 1314 867 1355 summas
877 1305 1048 1373 potestates,
1064 1309 1155 1375 prout

147 1401 255 1445 rerum
276 1382 403 1442 eonditio
427 1382 641 1459 postulaverit,
666 1381 744 1439 mitti
769 1389 799 1438 et
823 1380 950 1456 ablegari
976 1383 1153 1459 eontigerit,

150 1468 238 1538 sive,
255 1463 388 1543 qui-lieet
408 1467 532 1525 aliarum
551 1464 714 1543 insignium
728 1464 921 1523 Eeelesiarum
934 1465 1102 1536 Antistites,
1116 1475 1155 1524 ta·

152 1569 226 1612 men
246 1558 391 1628 tamquam
408 1552 573 1629 apostolieae
587 1548 676 1626 bujus
692 1553 721 1609 S.
737 1549 820 1609 Sedis
832 1548 918 1624 legati
932 1547 969 1606 de
981 1549 1071 1609 latere
1085 1550 1155 1610 oliba

150 1637 315 1713 nuncupati
331 1644 360 1695 et
382 1634 474 1696 babiti
497 1646 589 1709 sunt,
610 1644 641 1695 et
661 1632 782 1695 sortasse
801 1632 957 1704 habentur,
982 1643 1034 1694 aut
1051 1632 1153 1697 baberi

146 1729 178 1780 et
192 1738 255 1779 esse
268 1719 472 1798 praetendunt,
487 1728 518 1779 et
534 1721 565 1780 in
581 1718 732 1799 posterdm
748 1715 875 1779 lrabendi
895 1727 965 1778 sunt
977 1739 985 1778 ε
999 1719 1061 1780 sire
1073 1721 1154 1781 ordi-

146 1806 249 1882 narii,
264 1807 326 1866 sive
339 1805 565 1866 extraordinarii
581 1806 692 1877 nostri,
705 1813 735 1864 et
745 1804 877 1882 ejusdem
891 1806 1056 1883 apostolieae
1071 1806 1154 1866 Sedis

145 1892 349 1969 ubicumque,
369 1890 506 1950 etiamad
524 1890 602 1968 ipsos
620 1890 845 1966 imperatorem,
867 1897 897 1947 et
913 1906 1014 1966 reges,
1027 1908 1060 1949 ao
1073 1908 1154 1950 sum·

144 1993 212 2036 anas
224 1983 382 2053 potestates
403 1975 521 2046 nuntii,
541 1974 601 2033 sive
624 1973 801 2053 internuntii
822 1971 968 2045 resident,
980 1990 1013 2031 ae
1033 1973 1154 2035 demum

144 2058 384 2137 quibuscumque
402 2058 466 2117 aliis
488 2076 675 2136 quocumque
695 2058 817 2119 nomine
834 2063 865 2117 et
877 2056 1062 2135 expressione
1078 2076 1155 2118 nun·

144 2144 263 2222 eupatis
283 2143 435 2222 personis,
460 2159 647 2220 quocumque
670 2140 854 2220 tempore,b
878 2141 1047 2219 quibusvis,
1065 2144 1154 2203 etiam

142 2229 182 2290 ab
205 2228 279 2307 ipsis
291 2227 432 2286 Romanis
452 2226 643 2287 Pontificibus
666 2226 927 2306 praedecessoribus
942 2227 1065 2300 nostris,
1081 2223 1155 2307 nua-

144 2330 278 2392 eumque
296 2312 334 2372 de
349 2329 434 2372 eausa
449 2356 457 2383 ‚
475 2313 647 2383 occasione,
671 2311 778 2384 titulo,
802 2312 916 2383 colore,
939 2321 968 2371 et
989 2320 1152 2391 protextu,

143 2415 203 2477 per
217 2413 418 2475 quascumque
430 2396 601 2473 apostolicas
614 2440 623 2468 ,
638 2396 743 2456 sivein
756 2397 846 2456 simili
857 2397 951 2456 forma
964 2399 1080 2468 Rrevis,
1093 2400 1170 2456 sive·

36 2528 39 2533 ,
142 2481 204 2541 sub
215 2480 340 2560 plumbo
357 2480 507 2560 expeditas
526 2480 656 2549 litteras,
671 2479 727 2540 sub
742 2481 976 2557 quibuscumque
994 2481 1156 2540 verborum

142 2566 254 2625 formis
265 2565 356 2638 saeta,
369 2565 455 2637 data,
469 2583 621 2639 concessa,
634 2573 664 2622 et
678 2563 1039 2640 tmpe1·tita‚stve1aaas,
1053 2563 1154 2636 datas,

144 2665 300 2710 concessas
316 2657 346 2709 et
364 2649 548 2727 impertitus,
562 2665 652 2725 super
670 2645 838 2723 hujusmodi
853 2663 965 2704 aeeessu
979 2656 1009 2705 et
1023 2646 1155 2724 ingressu

141 2749 337 2805 revocemus,
351 2731 500 2794 abolemus
512 2777 520 2806 ,
534 2727 729 2792 ortatullomus
742 2738 829 2810 atque
842 2729 1014 2803 irra'toruus,
1028 2749 1081 2791 nee
1096 2749 1155 2794 non

140 2817 314 2878 {datarum
334 2817 705 2899 earumdempraesentium
722 2817 771 2876 die
787 2821 941 2889 revocata,
960 2817 1087 2895 abolita,
1103 2837 1154 2879 au·

140 2901 264 2962 nullate
276 2908 307 2961 et
321 2902 424 2973 irrita,
441 2920 474 2962 ae
491 2902 602 2962 nullius
616 2899 737 2980 prorsds
753 2903 895 2962 inanienti
911 2903 1062 2982 aurigeris
1074 2922 1153 2980 esse,

140 2994 177 3045 et
198 2984 285 3056 sore,
305 2986 480 3063 neminique
502 2987 624 3070 cuilibet
643 2980 830 3065 quocumque
851 2997 984 3065 tempore
1003 2982 1155 3070 suffragari

138 3069 321 3140 statuimus,
335 3068 542 3142 decernimus,
557 3078 586 3131 et
598 3068 791 3129 declaramus.
800 3071 1055 3144 Quemadmodum
1066 3078 1155 3136 etiam

137 3152 520 3225 statuimus,deeernimus
530 3163 559 3213 et
568 3154 750 3214 declaramus
759 3158 922 3231 quemlibet
932 3162 1067 3220 omnium
1078 3170 1155 3218 nate

138 3236 320 3305 dictorum,
339 3237 430 3296 etiam
456 3237 573 3314 speciali
592 3238 747 3318 mentione
771 3237 947 3319 dignorum,
970 3247 1155 3322 quacumque

139 3318 291 3382 facultate
311 3318 482 3397 hujusmodi
501 3319 613 3382 temere
628 3324 672 3382 uti
691 3323 867 3400 audentem,
881 3327 944 3404 ipso
960 3330 1035 3387 laeto
1047 3324 1155 3396 ubsque

141 3402 214 3463 ulla
231 3400 291 3483 'alia
311 3402 507 3465 declaratione
524 3423 623 3484 poenas
635 3415 666 3466 et
680 3407 882 3469 ecclesiasticas
895 3427 1048 3473 censuras,
1060 3404 1076 3460 b
1088 3405 1155 3477 qui-

138 3487 225 3559 bus,
244 3495 442 3566 praeterquam
462 3485 573 3549 anobis
592 3500 622 3550 et
642 3510 696 3570 pro
713 3490 846 3569 tempore
865 3494 1007 3552 existente
1024 3487 1155 3545 Romano

141 3571 393 3719 Poptilioeknisi
415 3571 448 3633 in
469 3575 571 3637 mortis
591 3575 733 3648 articulo,
747 3575 857 3642 absolvi
877 3572 968 3652 possit
983 3651 1003 3711 ⁰
1005 3571 1155 3630 inuurrere

217 3673 277 3719 out.
325 3699 335 3718 .
