<?xml version="1.0" encoding="UTF-8"?>
<!DOCTYPE html PUBLIC "-//W3C//DTD XHTML 1.0 Transitional//EN"
    "http://www.w3.org/TR/xhtml1/DTD/xhtml1-transitional.dtd">
<html xmlns="http://www.w3.org/1999/xhtml" xml:lang="en" lang="en">
 <head>
  <title>
</title>
<meta http-equiv="Content-Type" content="text/html;charset=utf-8" />
  <meta name='ocr-system' content='tesseract 3.04.00' />
  <meta name='ocr-capabilities' content='ocr_page ocr_carea ocr_par ocr_line ocrx_word'/>
</head>
<body>
  <div class='ocr_page' id='page_1' title='image "./theologiamorali01heilgoog_0271.png"; bbox 0 0 2642 4150; ppageno 0'>
   <div class='ocr_carea' id='block_1_1' title="bbox 514 199 1253 280">
    <p class='ocr_par' dir='ltr' id='par_1_1' title="bbox 514 199 1253 280">
     <span class='ocr_line' id='line_1_1' title="bbox 514 199 1253 280; baseline 0.001 -18"><span class='ocrx_word' id='word_1_1' title='bbox 514 200 757 280; x_wconf 72' lang='lat' dir='ltr'><strong><em>reformaturum.</em></strong></span> <span class='ocrx_word' id='word_1_2' title='bbox 1078 212 1136 273; x_wconf 69' lang='lat'><strong><em>253</em></strong></span> <span class='ocrx_word' id='word_1_3' title='bbox 1241 199 1253 221; x_wconf 87' lang='lat'><strong><em>‘</em></strong></span> 
     </span>
    </p>
   </div>
   <div class='ocr_carea' id='block_1_2' title="bbox 129 302 1142 1967">
    <p class='ocr_par' dir='ltr' id='par_1_2' title="bbox 129 302 1138 712">
     <span class='ocr_line' id='line_1_2' title="bbox 129 302 1137 386; baseline 0.002 -18"><span class='ocrx_word' id='word_1_4' title='bbox 129 307 177 370; x_wconf 87' lang='lat' dir='ltr'><strong><em>blo</em></strong></span> <span class='ocrx_word' id='word_1_5' title='bbox 187 319 340 386; x_wconf 80' lang='lat' dir='ltr'><strong><em>negemus.</em></strong></span> <span class='ocrx_word' id='word_1_6' title='bbox 354 304 430 365; x_wconf 76' lang='grc' dir='ltr'><strong><em>Η.</em></strong></span> <span class='ocrx_word' id='word_1_7' title='bbox 447 320 481 363; x_wconf 87' lang='lat' dir='ltr'><strong><em>a.</em></strong></span> <span class='ocrx_word' id='word_1_8' title='bbox 501 302 625 364; x_wconf 71' lang='lat' dir='ltr'><strong><em>wilda</em></strong></span> <span class='ocrx_word' id='word_1_9' title='bbox 640 311 739 363; x_wconf 86' lang='lat' dir='ltr'><strong><em>autem</em></strong></span> <span class='ocrx_word' id='word_1_10' title='bbox 754 302 840 365; x_wconf 78' lang='lat' dir='ltr'><strong><em>licem</em></strong></span> <span class='ocrx_word' id='word_1_11' title='bbox 850 309 1137 371; x_wconf 72' lang='lat' dir='ltr'><strong><em>excommunicatum</em></strong></span> 
     </span>
     <span class='ocr_line' id='line_1_3' title="bbox 129 384 1136 469; baseline 0.002 -16"><span class='ocrx_word' id='word_1_12' title='bbox 129 393 310 453; x_wconf 72' lang='lat' dir='ltr'><strong><em>resalutare?</em></strong></span> <span class='ocrx_word' id='word_1_13' title='bbox 329 391 365 449; x_wconf 92' lang='lat' dir='ltr'><strong><em>lu</em></strong></span> <span class='ocrx_word' id='word_1_14' title='bbox 389 388 483 467; x_wconf 90' lang='lat' dir='ltr'><strong><em>priori</em></strong></span> <span class='ocrx_word' id='word_1_15' title='bbox 505 387 583 446; x_wconf 89' lang='lat' dir='ltr'><strong><em>libro</em></strong></span> <span class='ocrx_word' id='word_1_16' title='bbox 603 384 672 465; x_wconf 82' lang='grc'><strong>(001.</strong></span> <span class='ocrx_word' id='word_1_17' title='bbox 692 388 761 449; x_wconf 76' lang='grc'><strong>000.</strong></span> <span class='ocrx_word' id='word_1_18' title='bbox 784 388 865 451; x_wconf 82' lang='lat' dir='ltr'><strong><em>Dub.</em></strong></span> <span class='ocrx_word' id='word_1_19' title='bbox 886 390 946 468; x_wconf 85' lang='lat'><em>11.)</em></span> <span class='ocrx_word' id='word_1_20' title='bbox 967 393 1136 469; x_wconf 83' lang='lat' dir='ltr'>opinionem</span> 
     </span>
     <span class='ocr_line' id='line_1_4' title="bbox 129 470 1136 549; baseline 0.003 -13"><span class='ocrx_word' id='word_1_21' title='bbox 129 476 334 536; x_wconf 84' lang='lat' dir='ltr'><strong><em>affirmativum</em></strong></span> <span class='ocrx_word' id='word_1_22' title='bbox 354 474 483 534; x_wconf 78' lang='lat' dir='ltr'>diximus</span> <span class='ocrx_word' id='word_1_23' title='bbox 497 470 629 532; x_wconf 72' lang='lat' dir='ltr'><strong><em>amente</em></strong></span> <span class='ocrx_word' id='word_1_24' title='bbox 640 471 835 549; x_wconf 84' lang='lat' dir='ltr'><strong><em>probabilem.</em></strong></span> <span class='ocrx_word' id='word_1_25' title='bbox 849 475 906 535; x_wconf 87' lang='lat' dir='ltr'><strong><em>Sed</em></strong></span> <span class='ocrx_word' id='word_1_26' title='bbox 921 473 1136 540; x_wconf 70' lang='lat' dir='ltr'><strong><em>tricantes.</em></strong></span> 
     </span>
     <span class='ocr_line' id='line_1_5' title="bbox 129 556 1138 638; baseline 0.005 -18"><span class='ocrx_word' id='word_1_27' title='bbox 129 561 294 637; x_wconf 79' lang='lat' dir='ltr'><strong><em>oppositum</em></strong></span> <span class='ocrx_word' id='word_1_28' title='bbox 306 569 461 620; x_wconf 77' lang='lat' dir='ltr'>censemus</span> <span class='ocrx_word' id='word_1_29' title='bbox 480 556 729 635; x_wconf 78' lang='lat' dir='ltr'><strong><em>probabiliorem,</em></strong></span> <span class='ocrx_word' id='word_1_30' title='bbox 742 557 813 620; x_wconf 67' lang='lat' dir='ltr'><strong><em>licet</em></strong></span> <span class='ocrx_word' id='word_1_31' title='bbox 832 560 960 638; x_wconf 78' lang='lat' dir='ltr'><strong><em>primam</em></strong></span> <span class='ocrx_word' id='word_1_32' title='bbox 981 578 1042 623; x_wconf 90' lang='lat' dir='ltr'><strong><em>nou</em></strong></span> <span class='ocrx_word' id='word_1_33' title='bbox 1053 561 1138 625; x_wconf 86' lang='lat' dir='ltr'><strong><em>dam·</em></strong></span> 
     </span>
     <span class='ocr_line' id='line_1_6' title="bbox 130 662 245 712; baseline -0.009 -7"><span class='ocrx_word' id='word_1_34' title='bbox 130 662 245 712; x_wconf 76' lang='lat' dir='ltr'><strong><em>namus,</em></strong></span> 
     </span>
    </p>

    <p class='ocr_par' dir='ltr' id='par_1_3' title="bbox 129 728 1142 1141">
     <span class='ocr_line' id='line_1_7' title="bbox 167 728 1139 809; baseline 0.004 -20"><span class='ocrx_word' id='word_1_35' title='bbox 167 732 226 804; x_wconf 83' lang='lat' dir='ltr'><strong><em>Qu.</em></strong></span> <span class='ocrx_word' id='word_1_36' title='bbox 238 732 289 791; x_wconf 82' lang='grc'><strong><em>07.</em></strong></span> <span class='ocrx_word' id='word_1_37' title='bbox 303 731 350 790; x_wconf 77' lang='lat' dir='ltr'><strong><em>An</em></strong></span> <span class='ocrx_word' id='word_1_38' title='bbox 368 728 502 789; x_wconf 87' lang='lat' dir='ltr'><strong><em>duellum</em></strong></span> <span class='ocrx_word' id='word_1_39' title='bbox 513 729 607 806; x_wconf 77' lang='lat' dir='ltr'><strong><em>poesit</em></strong></span> <span class='ocrx_word' id='word_1_40' title='bbox 618 732 761 807; x_wconf 81' lang='lat' dir='ltr'><strong><em>acceptari</em></strong></span> <span class='ocrx_word' id='word_1_41' title='bbox 773 775 782 803; x_wconf 91' lang='lat'>‚</span> <span class='ocrx_word' id='word_1_42' title='bbox 796 748 836 791; x_wconf 89' lang='lat' dir='ltr'><strong><em>ne</em></strong></span> <span class='ocrx_word' id='word_1_43' title='bbox 848 731 1017 791; x_wconf 80' lang='lat' dir='ltr'><strong><em>incurratur</em></strong></span> <span class='ocrx_word' id='word_1_44' title='bbox 1032 749 1139 809; x_wconf 76' lang='lat' dir='ltr'><strong><em>inagna</em></strong></span> 
     </span>
     <span class='ocr_line' id='line_1_8' title="bbox 130 812 1142 891; baseline 0.003 -17"><span class='ocrx_word' id='word_1_45' title='bbox 130 824 160 874; x_wconf 88' lang='lat' dir='ltr'><strong><em>ot</em></strong></span> <span class='ocrx_word' id='word_1_46' title='bbox 181 824 260 874; x_wconf 78' lang='lat' dir='ltr'><strong><em>corta</em></strong></span> <span class='ocrx_word' id='word_1_47' title='bbox 278 813 394 891; x_wconf 81' lang='lat' dir='ltr'><strong><em>jactura</em></strong></span> <span class='ocrx_word' id='word_1_48' title='bbox 414 812 585 871; x_wconf 82' lang='lat' dir='ltr'><strong><em>bonorum?</em></strong></span> <span class='ocrx_word' id='word_1_49' title='bbox 607 813 759 889; x_wconf 79' lang='lat' dir='ltr'><strong>Quidquid</strong></span> <span class='ocrx_word' id='word_1_50' title='bbox 782 815 894 874; x_wconf 87' lang='lat' dir='ltr'><strong><em>dictum</em></strong></span> <span class='ocrx_word' id='word_1_51' title='bbox 910 815 949 874; x_wconf 89' lang='lat' dir='ltr'><strong><em>sit</em></strong></span> <span class='ocrx_word' id='word_1_52' title='bbox 964 834 1030 875; x_wconf 89' lang='lat' dir='ltr'><strong><em>cum</em></strong></span> <span class='ocrx_word' id='word_1_53' title='bbox 1041 814 1142 877; x_wconf 82' lang='lat' dir='ltr'><strong><em>Satm.</em></strong></span> 
     </span>
     <span class='ocr_line' id='line_1_9' title="bbox 130 893 1137 979; baseline 0.003 -21"><span class='ocrx_word' id='word_1_54' title='bbox 130 900 162 958; x_wconf 93' lang='lat' dir='ltr'><strong><em>in</em></strong></span> <span class='ocrx_word' id='word_1_55' title='bbox 183 899 275 976; x_wconf 84' lang='lat' dir='ltr'><strong><em>priori</em></strong></span> <span class='ocrx_word' id='word_1_56' title='bbox 295 898 374 957; x_wconf 88' lang='lat' dir='ltr'><strong><em>libro</em></strong></span> <span class='ocrx_word' id='word_1_57' title='bbox 395 893 460 975; x_wconf 81' lang='lat' dir='ltr'><strong><em>(col.</em></strong></span> <span class='ocrx_word' id='word_1_58' title='bbox 481 897 550 956; x_wconf 89' lang='grc'><strong>070.</strong></span> <span class='ocrx_word' id='word_1_59' title='bbox 572 893 618 956; x_wconf 84' lang='lat' dir='ltr'><strong><em>to.</em></strong></span> <span class='ocrx_word' id='word_1_60' title='bbox 637 898 675 955; x_wconf 81' lang='grc' dir='ltr'><strong><em>Α.</em></strong></span> <span class='ocrx_word' id='word_1_61' title='bbox 692 899 764 958; x_wconf 89' lang='lat' dir='ltr'><strong><em>Not.</em></strong></span> <span class='ocrx_word' id='word_1_62' title='bbox 784 897 827 976; x_wconf 73' lang='lat'><strong><em>1.)</em></strong></span> <span class='ocrx_word' id='word_1_63' title='bbox 842 898 930 958; x_wconf 89' lang='lat' dir='ltr'><strong><em>hodie</em></strong></span> <span class='ocrx_word' id='word_1_64' title='bbox 952 898 1014 959; x_wconf 83' lang='lat' dir='ltr'><strong><em>hoec</em></strong></span> <span class='ocrx_word' id='word_1_65' title='bbox 1036 901 1137 979; x_wconf 90' lang='lat' dir='ltr'><strong><em>opinio</em></strong></span> 
     </span>
     <span class='ocr_line' id='line_1_10' title="bbox 130 977 1138 1063; baseline 0.004 -22"><span class='ocrx_word' id='word_1_66' title='bbox 130 981 268 1041; x_wconf 69' lang='lat' dir='ltr'><strong><em>«umnam</em></strong></span> <span class='ocrx_word' id='word_1_67' title='bbox 288 991 333 1039; x_wconf 83' lang='lat' dir='ltr'><strong><em>est</em></strong></span> <span class='ocrx_word' id='word_1_68' title='bbox 352 977 493 1040; x_wconf 78' lang='lat' dir='ltr'><strong><em>bBcncd.</em></strong></span> <span class='ocrx_word' id='word_1_69' title='bbox 506 981 598 1041; x_wconf 82' lang='lat' dir='ltr'><em>XIV.</em></span> <span class='ocrx_word' id='word_1_70' title='bbox 615 978 688 1043; x_wconf 83' lang='lat' dir='ltr'><strong><em>Vide</em></strong></span> <span class='ocrx_word' id='word_1_71' title='bbox 701 977 721 1040; x_wconf 89' lang='grc'><strong><em>1.</em></strong></span> <span class='ocrx_word' id='word_1_72' title='bbox 737 983 767 1043; x_wconf 83' lang='grc'><strong><em>5.</em></strong></span> <span class='ocrx_word' id='word_1_73' title='bbox 781 983 896 1043; x_wconf 71' lang='grc'><strong>00100.</strong></span> <span class='ocrx_word' id='word_1_74' title='bbox 914 1000 1000 1061; x_wconf 90' lang='lat' dir='ltr'><strong><em>prop.</em></strong></span> <span class='ocrx_word' id='word_1_75' title='bbox 1014 985 1065 1044; x_wconf 90' lang='lat' dir='ltr'><strong><em>lV.</em></strong></span> <span class='ocrx_word' id='word_1_76' title='bbox 1085 985 1138 1063; x_wconf 77' lang='lat' dir='ltr'><strong><em>(la</em></strong></span> 
     </span>
     <span class='ocr_line' id='line_1_11' title="bbox 129 1060 562 1141; baseline -0.009 -14"><span class='ocrx_word' id='word_1_77' title='bbox 129 1063 215 1127; x_wconf 76' lang='lat' dir='ltr'><strong><em>Edit.</em></strong></span> <span class='ocrx_word' id='word_1_78' title='bbox 231 1060 338 1124; x_wconf 78' lang='lat' dir='ltr'><strong><em>Mecbl.</em></strong></span> <span class='ocrx_word' id='word_1_79' title='bbox 352 1060 374 1122; x_wconf 83' lang='grc'><strong><em>1.</em></strong></span> <span class='ocrx_word' id='word_1_80' title='bbox 387 1066 418 1124; x_wconf 77' lang='lat' dir='ltr'><strong><em>l.</em></strong></span> <span class='ocrx_word' id='word_1_81' title='bbox 431 1082 464 1126; x_wconf 81' lang='lat' dir='ltr'><strong><em>a.</em></strong></span> <span class='ocrx_word' id='word_1_82' title='bbox 479 1063 562 1141; x_wconf 81' lang='lat' dir='ltr'><strong><em>too.)</em></strong></span> 
     </span>
    </p>

    <p class='ocr_par' dir='ltr' id='par_1_4' title="bbox 129 1147 1140 1565">
     <span class='ocr_line' id='line_1_12' title="bbox 169 1147 1140 1229; baseline 0.008 -23"><span class='ocrx_word' id='word_1_83' title='bbox 169 1149 228 1221; x_wconf 72' lang='lat' dir='ltr'><strong><em>Qu,</em></strong></span> <span class='ocrx_word' id='word_1_84' title='bbox 243 1149 291 1209; x_wconf 86' lang='grc'><strong><em>08.</em></strong></span> <span class='ocrx_word' id='word_1_85' title='bbox 306 1149 351 1206; x_wconf 84' lang='lat' dir='ltr'><strong><em>An</em></strong></span> <span class='ocrx_word' id='word_1_86' title='bbox 362 1157 499 1226; x_wconf 85' lang='lat' dir='ltr'><strong><em>parentes</em></strong></span> <span class='ocrx_word' id='word_1_87' title='bbox 512 1147 625 1224; x_wconf 79' lang='lat' dir='ltr'><strong>possint</strong></span> <span class='ocrx_word' id='word_1_88' title='bbox 644 1166 749 1226; x_wconf 78' lang='lat' dir='ltr'><strong><em>cogere</em></strong></span> <span class='ocrx_word' id='word_1_89' title='bbox 769 1150 899 1228; x_wconf 88' lang='lat' dir='ltr'><strong><em>puellam</em></strong></span> <span class='ocrx_word' id='word_1_90' title='bbox 917 1151 955 1210; x_wconf 83' lang='lat' dir='ltr'><strong><em>ad</em></strong></span> <span class='ocrx_word' id='word_1_91' title='bbox 973 1151 1140 1229; x_wconf 71' lang='lat' dir='ltr'><strong><em>ingressum</em></strong></span> 
     </span>
     <span class='ocr_line' id='line_1_13' title="bbox 131 1232 1135 1312; baseline 0.004 -18"><span class='ocrx_word' id='word_1_92' title='bbox 131 1236 163 1295; x_wconf 86' lang='lat' dir='ltr'><strong><em>m</em></strong></span> <span class='ocrx_word' id='word_1_93' title='bbox 184 1233 396 1296; x_wconf 85' lang='lat' dir='ltr'><strong><em>monasterium</em></strong></span> <span class='ocrx_word' id='word_1_94' title='bbox 418 1232 503 1291; x_wconf 81' lang='lat' dir='ltr'><strong><em>cnusd</em></strong></span> <span class='ocrx_word' id='word_1_95' title='bbox 523 1232 727 1291; x_wconf 74' lang='lat' dir='ltr'><strong>educationis?</strong></span> <span class='ocrx_word' id='word_1_96' title='bbox 740 1236 774 1293; x_wconf 92' lang='lat' dir='ltr'><strong><em>ln</em></strong></span> <span class='ocrx_word' id='word_1_97' title='bbox 789 1236 881 1311; x_wconf 83' lang='lat' dir='ltr'><strong><em>priori</em></strong></span> <span class='ocrx_word' id='word_1_98' title='bbox 901 1233 1135 1312; x_wconf 67' lang='grc'><strong>00001000085.</strong></span> 
     </span>
     <span class='ocr_line' id='line_1_14' title="bbox 129 1315 1137 1397; baseline 0 -17"><span class='ocrx_word' id='word_1_99' title='bbox 129 1318 164 1381; x_wconf 82' lang='lat' dir='ltr'><strong><em>c&#39;a</em></strong></span> <span class='ocrx_word' id='word_1_100' title='bbox 189 1316 299 1397; x_wconf 81' lang='lat' dir='ltr'><strong><em>princ.)</em></strong></span> <span class='ocrx_word' id='word_1_101' title='bbox 323 1315 482 1394; x_wconf 88' lang='lat' dir='ltr'><strong><em>probabilis</em></strong></span> <span class='ocrx_word' id='word_1_102' title='bbox 503 1317 580 1376; x_wconf 86' lang='lat' dir='ltr'><strong><em>dicte</em></strong></span> <span class='ocrx_word' id='word_1_103' title='bbox 602 1326 648 1376; x_wconf 85' lang='lat' dir='ltr'><strong><em>est</em></strong></span> <span class='ocrx_word' id='word_1_104' title='bbox 671 1318 772 1395; x_wconf 89' lang='lat' dir='ltr'><strong><em>opinio</em></strong></span> <span class='ocrx_word' id='word_1_105' title='bbox 795 1317 981 1380; x_wconf 78' lang='lat' dir='ltr'><strong><em>affirmativa.</em></strong></span> <span class='ocrx_word' id='word_1_106' title='bbox 1004 1321 1061 1380; x_wconf 84' lang='lat' dir='ltr'><strong><em>Sed</em></strong></span> <span class='ocrx_word' id='word_1_107' title='bbox 1088 1317 1137 1380; x_wconf 81' lang='lat' dir='ltr'><strong><em>uic</em></strong></span> 
     </span>
     <span class='ocr_line' id='line_1_15' title="bbox 129 1399 1136 1480; baseline 0.001 -18"><span class='ocrx_word' id='word_1_108' title='bbox 129 1400 151 1462; x_wconf 85' lang='lat' dir='ltr'><strong><em>l.</em></strong></span> <span class='ocrx_word' id='word_1_109' title='bbox 165 1405 195 1464; x_wconf 96' lang='grc'><strong><em>7.</em></strong></span> <span class='ocrx_word' id='word_1_110' title='bbox 208 1422 241 1463; x_wconf 86' lang='lat' dir='ltr'><strong><em>n.</em></strong></span> <span class='ocrx_word' id='word_1_111' title='bbox 254 1401 323 1463; x_wconf 91' lang='grc'><strong>010.</strong></span> <span class='ocrx_word' id='word_1_112' title='bbox 336 1420 366 1461; x_wconf 86' lang='lat' dir='ltr'><strong><em>v.</em></strong></span> <span class='ocrx_word' id='word_1_113' title='bbox 383 1399 490 1475; x_wconf 80' lang='lat' dir='ltr'><strong>Quoad</strong></span> <span class='ocrx_word' id='word_1_114' title='bbox 498 1445 506 1470; x_wconf 91' lang='lat'><strong><em>,</em></strong></span> <span class='ocrx_word' id='word_1_115' title='bbox 518 1402 649 1478; x_wconf 87' lang='lat' dir='ltr'><strong><em>opposita</em></strong></span> <span class='ocrx_word' id='word_1_116' title='bbox 666 1401 799 1461; x_wconf 75' lang='lat' dir='ltr'><strong><em>absolute</em></strong></span> <span class='ocrx_word' id='word_1_117' title='bbox 811 1401 992 1480; x_wconf 77' lang='lat' dir='ltr'><strong><em>probabilior</em></strong></span> <span class='ocrx_word' id='word_1_118' title='bbox 1005 1403 1065 1462; x_wconf 83' lang='lat' dir='ltr'><strong><em>vise</em></strong></span> <span class='ocrx_word' id='word_1_119' title='bbox 1074 1412 1136 1476; x_wconf 73' lang='lat' dir='ltr'><strong><em>eet,</em></strong></span> 
     </span>
     <span class='ocr_line' id='line_1_16' title="bbox 131 1485 820 1565; baseline -0.001 -19"><span class='ocrx_word' id='word_1_120' title='bbox 131 1487 187 1555; x_wconf 79' lang='lat' dir='ltr'><strong><em>nisi</em></strong></span> <span class='ocrx_word' id='word_1_121' title='bbox 205 1486 303 1565; x_wconf 82' lang='lat' dir='ltr'><strong><em>puella</em></strong></span> <span class='ocrx_word' id='word_1_122' title='bbox 323 1486 363 1545; x_wconf 82' lang='lat' dir='ltr'><strong><em>sit</em></strong></span> <span class='ocrx_word' id='word_1_123' title='bbox 380 1485 412 1543; x_wconf 91' lang='lat' dir='ltr'><strong><em>in</em></strong></span> <span class='ocrx_word' id='word_1_124' title='bbox 434 1486 565 1562; x_wconf 85' lang='lat' dir='ltr'><strong><em>periculo</em></strong></span> <span class='ocrx_word' id='word_1_125' title='bbox 587 1485 820 1545; x_wconf 81' lang='lat' dir='ltr'><strong><em>incontinentiae.</em></strong></span> 
     </span>
    </p>

    <p class='ocr_par' dir='ltr' id='par_1_5' title="bbox 129 1567 1139 1967">
     <span class='ocr_line' id='line_1_17' title="bbox 168 1567 1137 1647; baseline -0.001 -17"><span class='ocrx_word' id='word_1_126' title='bbox 168 1571 227 1643; x_wconf 85' lang='lat' dir='ltr'><strong><em>Qu.</em></strong></span> <span class='ocrx_word' id='word_1_127' title='bbox 248 1571 296 1630; x_wconf 85' lang='grc'><strong><em>00.</em></strong></span> <span class='ocrx_word' id='word_1_128' title='bbox 316 1572 362 1629; x_wconf 80' lang='lat' dir='ltr'><strong><em>dn</em></strong></span> <span class='ocrx_word' id='word_1_129' title='bbox 381 1570 513 1628; x_wconf 78' lang='lat' dir='ltr'><strong><em>incurrat</em></strong></span> <span class='ocrx_word' id='word_1_130' title='bbox 531 1569 778 1646; x_wconf 78' lang='lat' dir='ltr'><strong><em>irregularitatem</em></strong></span> <span class='ocrx_word' id='word_1_131' title='bbox 792 1572 907 1630; x_wconf 88' lang='lat' dir='ltr'><strong><em>ratione</em></strong></span> <span class='ocrx_word' id='word_1_132' title='bbox 919 1567 1072 1646; x_wconf 71' lang='lat' dir='ltr'><strong><em>bigamiae,</em></strong></span> <span class='ocrx_word' id='word_1_133' title='bbox 1084 1570 1137 1647; x_wconf 87' lang='lat' dir='ltr'><strong><em>qui</em></strong></span> 
     </span>
     <span class='ocr_line' id='line_1_18' title="bbox 131 1653 1139 1730; baseline -0.001 -16"><span class='ocrx_word' id='word_1_134' title='bbox 131 1653 278 1715; x_wconf 87' lang='lat' dir='ltr'><strong><em>contrabit</em></strong></span> <span class='ocrx_word' id='word_1_135' title='bbox 295 1655 355 1714; x_wconf 94' lang='lat' dir='ltr'><strong><em>duo</em></strong></span> <span class='ocrx_word' id='word_1_136' title='bbox 372 1653 561 1712; x_wconf 80' lang='lat' dir='ltr'><strong><em>matrimonia</em></strong></span> <span class='ocrx_word' id='word_1_137' title='bbox 579 1654 660 1714; x_wconf 88' lang='lat' dir='ltr'><strong><em>nulla</em></strong></span> <span class='ocrx_word' id='word_1_138' title='bbox 672 1697 681 1724; x_wconf 98' lang='lat'><strong><em>,</em></strong></span> <span class='ocrx_word' id='word_1_139' title='bbox 694 1653 740 1713; x_wconf 89' lang='lat' dir='ltr'><strong><em>vel</em></strong></span> <span class='ocrx_word' id='word_1_140' title='bbox 759 1655 810 1730; x_wconf 90' lang='lat' dir='ltr'><strong><em>qui</em></strong></span> <span class='ocrx_word' id='word_1_141' title='bbox 820 1654 888 1714; x_wconf 80' lang='lat' dir='ltr'><strong><em>field</em></strong></span> <span class='ocrx_word' id='word_1_142' title='bbox 902 1653 1061 1713; x_wconf 85' lang='lat' dir='ltr'><strong><em>secundum</em></strong></span> <span class='ocrx_word' id='word_1_143' title='bbox 1074 1671 1139 1713; x_wconf 83' lang='lat' dir='ltr'><strong><em>ma·</em></strong></span> 
     </span>
     <span class='ocr_line' id='line_1_19' title="bbox 131 1736 1139 1815; baseline -0.002 -15"><span class='ocrx_word' id='word_1_144' title='bbox 131 1739 306 1800; x_wconf 84' lang='lat' dir='ltr'><strong><em>trimonium</em></strong></span> <span class='ocrx_word' id='word_1_145' title='bbox 319 1739 376 1797; x_wconf 94' lang='lat' dir='ltr'><strong><em>init</em></strong></span> <span class='ocrx_word' id='word_1_146' title='bbox 387 1737 422 1796; x_wconf 90' lang='lat' dir='ltr'><strong><em>ad</em></strong></span> <span class='ocrx_word' id='word_1_147' title='bbox 435 1738 570 1815; x_wconf 87' lang='lat' dir='ltr'><strong><em>copulam</em></strong></span> <span class='ocrx_word' id='word_1_148' title='bbox 582 1738 840 1815; x_wconf 82' lang='lat' dir='ltr'><strong><em>extorquendum?</em></strong></span> <span class='ocrx_word' id='word_1_149' title='bbox 854 1736 907 1798; x_wconf 84' lang='lat' dir='ltr'><strong><em>llic</em></strong></span> <span class='ocrx_word' id='word_1_150' title='bbox 917 1738 1042 1797; x_wconf 82' lang='lat' dir='ltr'><strong><em>dicimus</em></strong></span> <span class='ocrx_word' id='word_1_151' title='bbox 1056 1738 1139 1798; x_wconf 83' lang='lat' dir='ltr'><strong><em>affir-</em></strong></span> 
     </span>
     <span class='ocr_line' id='line_1_20' title="bbox 129 1820 1136 1903; baseline 0.003 -21"><span class='ocrx_word' id='word_1_152' title='bbox 129 1820 460 1884; x_wconf 66' lang='lat' dir='ltr'><strong><em>mecumtecum</em></strong></span> <span class='ocrx_word' id='word_1_153' title='bbox 475 1822 588 1884; x_wconf 77' lang='grc'><strong>01107.</strong></span> <span class='ocrx_word' id='word_1_154' title='bbox 607 1823 755 1901; x_wconf 89' lang='lat' dir='ltr'><strong>quidquid</strong></span> <span class='ocrx_word' id='word_1_155' title='bbox 774 1824 806 1883; x_wconf 91' lang='lat' dir='ltr'><strong><em>iu</em></strong></span> <span class='ocrx_word' id='word_1_156' title='bbox 817 1824 911 1903; x_wconf 90' lang='lat' dir='ltr'><strong><em>priori</em></strong></span> <span class='ocrx_word' id='word_1_157' title='bbox 931 1822 1008 1883; x_wconf 90' lang='lat' dir='ltr'><strong><em>libro</em></strong></span> <span class='ocrx_word' id='word_1_158' title='bbox 1023 1821 1136 1885; x_wconf 88' lang='lat' dir='ltr'><strong><em>dictum</em></strong></span> 
     </span>
     <span class='ocr_line' id='line_1_21' title="bbox 129 1908 336 1967; baseline -0.005 -2"><span class='ocrx_word' id='word_1_159' title='bbox 129 1908 234 1967; x_wconf 76' lang='lat' dir='ltr'><strong><em>fucrit.</em></strong></span> <span class='ocrx_word' id='word_1_160' title='bbox 333 1959 336 1964; x_wconf 77' lang='grc'><strong><em>,</em></strong></span> 
     </span>
    </p>
   </div>
   <div class='ocr_carea' id='block_1_3' title="bbox 129 2075 1136 2243">
    <p class='ocr_par' dir='ltr' id='par_1_6' title="bbox 129 2075 1136 2243">
     <span class='ocr_line' id='line_1_22' title="bbox 129 2075 1136 2162; baseline 0.004 -25"><span class='ocrx_word' id='word_1_161' title='bbox 129 2075 290 2149; x_wconf 68' lang='lat' dir='ltr'><strong><em>edolantur</em></strong></span> <span class='ocrx_word' id='word_1_162' title='bbox 313 2076 383 2140; x_wconf 79' lang='lat' dir='ltr'><strong><em>alia</em></strong></span> <span class='ocrx_word' id='word_1_163' title='bbox 405 2085 529 2140; x_wconf 86' lang='lat' dir='ltr'><strong><em>recentes</em></strong></span> <span class='ocrx_word' id='word_1_164' title='bbox 550 2078 771 2140; x_wconf 72' lang='lat' dir='ltr'><strong><em>retractationes</em></strong></span> <span class='ocrx_word' id='word_1_165' title='bbox 786 2078 988 2160; x_wconf 57' lang='lat' dir='ltr'><strong><em>‘opinionum</em></strong></span> <span class='ocrx_word' id='word_1_166' title='bbox 1012 2095 1079 2162; x_wconf 81' lang='lat' dir='ltr'><strong><em>qua</em></strong></span> <span class='ocrx_word' id='word_1_167' title='bbox 1101 2079 1136 2141; x_wconf 85' lang='lat' dir='ltr'><strong><em>r&#39;a</em></strong></span> 
     </span>
     <span class='ocr_line' id='line_1_23' title="bbox 361 2161 904 2243; baseline 0.002 -19"><span class='ocrx_word' id='word_1_168' title='bbox 361 2161 538 2243; x_wconf 76' lang='lat' dir='ltr'><strong><em>precedente</em></strong></span> <span class='ocrx_word' id='word_1_169' title='bbox 552 2163 693 2225; x_wconf 81' lang='lat' dir='ltr'><strong><em>Edilione</em></strong></span> <span class='ocrx_word' id='word_1_170' title='bbox 710 2171 904 2225; x_wconf 80' lang='lat' dir='ltr'><strong><em>recenseatur.</em></strong></span> 
     </span>
    </p>
   </div>
   <div class='ocr_carea' id='block_1_4' title="bbox 123 2328 1137 3740">
    <p class='ocr_par' dir='ltr' id='par_1_7' title="bbox 124 2328 1137 2835">
     <span class='ocr_line' id='line_1_24' title="bbox 166 2328 1135 2411; baseline 0.004 -20"><span class='ocrx_word' id='word_1_171' title='bbox 166 2334 268 2406; x_wconf 75' lang='lat' dir='ltr'><strong><em>Quor.</em></strong></span> <span class='ocrx_word' id='word_1_172' title='bbox 282 2336 306 2393; x_wconf 88' lang='lat'><strong><em>1.</em></strong></span> <span class='ocrx_word' id='word_1_173' title='bbox 319 2333 349 2392; x_wconf 89' lang='lat' dir='ltr'><strong><em>Si</em></strong></span> <span class='ocrx_word' id='word_1_174' title='bbox 370 2334 437 2411; x_wconf 87' lang='lat' dir='ltr'><strong><em>quis</em></strong></span> <span class='ocrx_word' id='word_1_175' title='bbox 450 2328 643 2410; x_wconf 77' lang='lat' dir='ltr'><strong><em>probabiliter</em></strong></span> <span class='ocrx_word' id='word_1_176' title='bbox 660 2332 774 2411; x_wconf 84' lang='lat' dir='ltr'><strong><em>judicet</em></strong></span> <span class='ocrx_word' id='word_1_177' title='bbox 790 2352 823 2394; x_wconf 89' lang='lat' dir='ltr'><strong><em>se</em></strong></span> <span class='ocrx_word' id='word_1_178' title='bbox 837 2334 1002 2411; x_wconf 80' lang='lat' dir='ltr'><strong><em>implevisse</em></strong></span> <span class='ocrx_word' id='word_1_179' title='bbox 1013 2340 1135 2410; x_wconf 86' lang='lat' dir='ltr'><strong><em>votum,</em></strong></span> 
     </span>
     <span class='ocr_line' id='line_1_25' title="bbox 127 2416 1137 2495; baseline 0.001 -18"><span class='ocrx_word' id='word_1_180' title='bbox 127 2416 219 2478; x_wconf 89' lang='lat' dir='ltr'><strong><em>boras</em></strong></span> <span class='ocrx_word' id='word_1_181' title='bbox 240 2419 412 2490; x_wconf 84' lang='lat' dir='ltr'><strong><em>canonicas,</em></strong></span> <span class='ocrx_word' id='word_1_182' title='bbox 430 2420 492 2477; x_wconf 86' lang='lat' dir='ltr'><strong><em>sive</em></strong></span> <span class='ocrx_word' id='word_1_183' title='bbox 512 2419 737 2495; x_wconf 75' lang='lat' dir='ltr'><strong><em>peonitentiam,</em></strong></span> <span class='ocrx_word' id='word_1_184' title='bbox 756 2437 795 2478; x_wconf 85' lang='lat' dir='ltr'><strong><em>an</em></strong></span> <span class='ocrx_word' id='word_1_185' title='bbox 815 2428 950 2478; x_wconf 83' lang='lat' dir='ltr'><strong><em>teneatur</em></strong></span> <span class='ocrx_word' id='word_1_186' title='bbox 970 2437 1034 2478; x_wconf 89' lang='lat' dir='ltr'><strong><em>eam</em></strong></span> <span class='ocrx_word' id='word_1_187' title='bbox 1052 2421 1137 2478; x_wconf 86' lang='lat' dir='ltr'><strong><em>satis·</em></strong></span> 
     </span>
     <span class='ocr_line' id='line_1_26' title="bbox 125 2500 1137 2581; baseline 0.002 -21"><span class='ocrx_word' id='word_1_188' title='bbox 125 2502 246 2574; x_wconf 79' lang='lat' dir='ltr'><strong><em>iacere,</em></strong></span> <span class='ocrx_word' id='word_1_189' title='bbox 267 2505 292 2563; x_wconf 86' lang='lat' dir='ltr'><strong><em>si</em></strong></span> <span class='ocrx_word' id='word_1_190' title='bbox 307 2500 405 2563; x_wconf 85' lang='lat' dir='ltr'><strong><em>adhuc</em></strong></span> <span class='ocrx_word' id='word_1_191' title='bbox 420 2503 573 2581; x_wconf 86' lang='lat' dir='ltr'><strong><em>probabile</em></strong></span> <span class='ocrx_word' id='word_1_192' title='bbox 589 2504 644 2573; x_wconf 84' lang='lat' dir='ltr'><strong><em>sit,</em></strong></span> <span class='ocrx_word' id='word_1_193' title='bbox 661 2504 708 2561; x_wconf 82' lang='lat' dir='ltr'><strong><em>vel</em></strong></span> <span class='ocrx_word' id='word_1_194' title='bbox 729 2502 856 2562; x_wconf 90' lang='lat' dir='ltr'><strong><em>dubium</em></strong></span> <span class='ocrx_word' id='word_1_195' title='bbox 871 2520 931 2561; x_wconf 91' lang='lat' dir='ltr'><strong><em>non</em></strong></span> <span class='ocrx_word' id='word_1_196' title='bbox 947 2504 1137 2579; x_wconf 78' lang='lat' dir='ltr'><strong><em>implevisse?</em></strong></span> 
     </span>
     <span class='ocr_line' id='line_1_27' title="bbox 127 2583 1137 2666; baseline -0.001 -20"><span class='ocrx_word' id='word_1_197' title='bbox 127 2590 244 2665; x_wconf 79' lang='lat' dir='ltr'><strong><em>ttegam</em></strong></span> <span class='ocrx_word' id='word_1_198' title='bbox 255 2588 355 2666; x_wconf 87' lang='lat' dir='ltr'><strong><em>pluras</em></strong></span> <span class='ocrx_word' id='word_1_199' title='bbox 370 2597 502 2646; x_wconf 82' lang='lat' dir='ltr'><strong><em>auctores</em></strong></span> <span class='ocrx_word' id='word_1_200' title='bbox 522 2583 544 2646; x_wconf 89' lang='grc'><strong><em>1.</em></strong></span> <span class='ocrx_word' id='word_1_201' title='bbox 564 2590 593 2646; x_wconf 90' lang='grc'><strong><em>1.</em></strong></span> <span class='ocrx_word' id='word_1_202' title='bbox 607 2605 640 2646; x_wconf 87' lang='lat' dir='ltr'><strong><em>a.</em></strong></span> <span class='ocrx_word' id='word_1_203' title='bbox 659 2588 709 2647; x_wconf 90' lang='grc'><strong><em>70.</em></strong></span> <span class='ocrx_word' id='word_1_204' title='bbox 725 2585 781 2644; x_wconf 86' lang='lat' dir='ltr'><strong><em>Sed</em></strong></span> <span class='ocrx_word' id='word_1_205' title='bbox 796 2588 963 2663; x_wconf 88' lang='lat' dir='ltr'><strong><em>oppositum</em></strong></span> <span class='ocrx_word' id='word_1_206' title='bbox 978 2593 1022 2643; x_wconf 88' lang='lat' dir='ltr'><strong><em>est</em></strong></span> <span class='ocrx_word' id='word_1_207' title='bbox 1034 2595 1137 2645; x_wconf 89' lang='lat' dir='ltr'><strong><em>teneu-</em></strong></span> 
     </span>
     <span class='ocr_line' id='line_1_28' title="bbox 126 2665 1136 2750; baseline 0 -21"><span class='ocrx_word' id='word_1_208' title='bbox 126 2671 224 2746; x_wconf 89' lang='lat' dir='ltr'><strong><em>dum,</em></strong></span> <span class='ocrx_word' id='word_1_209' title='bbox 237 2673 305 2748; x_wconf 85' lang='lat' dir='ltr'><strong><em>quia</em></strong></span> <span class='ocrx_word' id='word_1_210' title='bbox 321 2672 449 2750; x_wconf 82' lang='lat' dir='ltr'><strong><em>possidet</em></strong></span> <span class='ocrx_word' id='word_1_211' title='bbox 468 2672 607 2749; x_wconf 72' lang='lat' dir='ltr'><strong><em>obligatio</em></strong></span> <span class='ocrx_word' id='word_1_212' title='bbox 620 2669 684 2746; x_wconf 85' lang='lat' dir='ltr'><strong><em>jam</em></strong></span> <span class='ocrx_word' id='word_1_213' title='bbox 701 2678 847 2729; x_wconf 83' lang='lat' dir='ltr'><strong><em>contracta</em></strong></span> <span class='ocrx_word' id='word_1_214' title='bbox 858 2711 867 2737; x_wconf 90' lang='lat'><strong><em>,</em></strong></span> <span class='ocrx_word' id='word_1_215' title='bbox 879 2667 973 2728; x_wconf 82' lang='lat' dir='ltr'><strong><em>donec</em></strong></span> <span class='ocrx_word' id='word_1_216' title='bbox 985 2665 1063 2728; x_wconf 69' lang='lat' dir='ltr'><strong><em>certe</em></strong></span> <span class='ocrx_word' id='word_1_217' title='bbox 1076 2685 1136 2729; x_wconf 89' lang='lat' dir='ltr'><strong><em>uon</em></strong></span> 
     </span>
     <span class='ocr_line' id='line_1_29' title="bbox 124 2751 873 2835; baseline -0.003 -21"><span class='ocrx_word' id='word_1_218' title='bbox 124 2754 222 2816; x_wconf 79' lang='lat' dir='ltr'><strong><em>luerit</em></strong></span> <span class='ocrx_word' id='word_1_219' title='bbox 241 2757 372 2834; x_wconf 84' lang='lat' dir='ltr'><strong><em>impleta.</em></strong></span> <span class='ocrx_word' id='word_1_220' title='bbox 388 2757 437 2835; x_wconf 83' lang='lat' dir='ltr'><strong><em>(Ia</em></strong></span> <span class='ocrx_word' id='word_1_221' title='bbox 449 2754 533 2818; x_wconf 83' lang='lat' dir='ltr'><strong><em>Edit.</em></strong></span> <span class='ocrx_word' id='word_1_222' title='bbox 551 2753 657 2815; x_wconf 80' lang='lat' dir='ltr'><strong><em>Maelii.</em></strong></span> <span class='ocrx_word' id='word_1_223' title='bbox 675 2751 696 2814; x_wconf 92' lang='grc'><strong><em>1.</em></strong></span> <span class='ocrx_word' id='word_1_224' title='bbox 714 2756 744 2813; x_wconf 89' lang='grc'><strong><em>1.</em></strong></span> <span class='ocrx_word' id='word_1_225' title='bbox 763 2772 795 2812; x_wconf 90' lang='lat' dir='ltr'><strong><em>a.</em></strong></span> <span class='ocrx_word' id='word_1_226' title='bbox 810 2751 873 2829; x_wconf 88' lang='grc'><strong>00.)</strong></span> 
     </span>
    </p>

    <p class='ocr_par' dir='ltr' id='par_1_8' title="bbox 123 2836 1185 3509">
     <span class='ocr_line' id='line_1_30' title="bbox 163 2836 1137 2918; baseline 0.006 -22"><span class='ocrx_word' id='word_1_227' title='bbox 163 2840 270 2912; x_wconf 86' lang='lat' dir='ltr'><strong><em>Quaer.</em></strong></span> <span class='ocrx_word' id='word_1_228' title='bbox 293 2842 330 2900; x_wconf 92' lang='lat' dir='ltr'><strong><em>ll.</em></strong></span> <span class='ocrx_word' id='word_1_229' title='bbox 353 2843 399 2900; x_wconf 81' lang='lat' dir='ltr'><strong><em>An</em></strong></span> <span class='ocrx_word' id='word_1_230' title='bbox 421 2841 632 2900; x_wconf 77' lang='lat' dir='ltr'><strong><em>declarationes</em></strong></span> <span class='ocrx_word' id='word_1_231' title='bbox 654 2842 686 2900; x_wconf 90' lang='lat' dir='ltr'><strong><em>S.</em></strong></span> <span class='ocrx_word' id='word_1_232' title='bbox 706 2841 738 2899; x_wconf 84' lang='lat' dir='ltr'><strong><em>C.</em></strong></span> <span class='ocrx_word' id='word_1_233' title='bbox 760 2836 961 2901; x_wconf 80' lang='lat' dir='ltr'><strong><em>Cardinabum</em></strong></span> <span class='ocrx_word' id='word_1_234' title='bbox 979 2838 1040 2898; x_wconf 86' lang='lat' dir='ltr'><strong><em>vim</em></strong></span> <span class='ocrx_word' id='word_1_235' title='bbox 1064 2839 1137 2918; x_wconf 77' lang='lat' dir='ltr'><strong><em>legis</em></strong></span> 
     </span>
     <span class='ocr_line' id='line_1_31' title="bbox 124 2920 1135 3003; baseline 0.002 -19"><span class='ocrx_word' id='word_1_236' title='bbox 124 2921 282 3003; x_wconf 78' lang='lat' dir='ltr'><strong><em>babeant?</em></strong></span> <span class='ocrx_word' id='word_1_237' title='bbox 303 2924 405 2986; x_wconf 86' lang='lat' dir='ltr'><strong><em>Plures</em></strong></span> <span class='ocrx_word' id='word_1_238' title='bbox 425 2926 487 2985; x_wconf 75' lang='lat' dir='ltr'><strong><em>Ab.</em></strong></span> <span class='ocrx_word' id='word_1_239' title='bbox 510 2933 639 3002; x_wconf 78' lang='lat' dir='ltr'><strong><em>negant,</em></strong></span> <span class='ocrx_word' id='word_1_240' title='bbox 662 2920 719 2983; x_wconf 87' lang='lat' dir='ltr'><strong><em>nisi</em></strong></span> <span class='ocrx_word' id='word_1_241' title='bbox 743 2923 828 2982; x_wconf 78' lang='lat' dir='ltr'><strong><em>editae</em></strong></span> <span class='ocrx_word' id='word_1_242' title='bbox 854 2923 931 2993; x_wconf 88' lang='lat' dir='ltr'><strong><em>sint,</em></strong></span> <span class='ocrx_word' id='word_1_243' title='bbox 957 2940 1017 2983; x_wconf 91' lang='lat' dir='ltr'><strong><em>non</em></strong></span> <span class='ocrx_word' id='word_1_244' title='bbox 1039 2924 1135 2986; x_wconf 75' lang='lat' dir='ltr'><strong><em>solium</em></strong></span> 
     </span>
     <span class='ocr_line' id='line_1_32' title="bbox 125 3008 1136 3085; baseline 0.003 -17"><span class='ocrx_word' id='word_1_245' title='bbox 125 3009 267 3069; x_wconf 83' lang='lat' dir='ltr'><strong><em>consulto</em></strong></span> <span class='ocrx_word' id='word_1_246' title='bbox 285 3010 446 3081; x_wconf 75' lang='lat' dir='ltr'><strong><em>Pontifice,</em></strong></span> <span class='ocrx_word' id='word_1_247' title='bbox 465 3009 621 3069; x_wconf 83' lang='lat' dir='ltr'><strong><em>sedetiam</em></strong></span> <span class='ocrx_word' id='word_1_248' title='bbox 640 3008 820 3079; x_wconf 89' lang='lat' dir='ltr'><strong><em>mandante,</em></strong></span> <span class='ocrx_word' id='word_1_249' title='bbox 838 3016 872 3066; x_wconf 90' lang='lat' dir='ltr'><strong><em>ut</em></strong></span> <span class='ocrx_word' id='word_1_250' title='bbox 885 3008 953 3085; x_wconf 71' lang='lat' dir='ltr'><strong><em>ipse</em></strong></span> <span class='ocrx_word' id='word_1_251' title='bbox 965 3009 1136 3071; x_wconf 88' lang='lat' dir='ltr'><strong><em>solemniter</em></strong></span> 
     </span>
     <span class='ocr_line' id='line_1_33' title="bbox 124 3090 1133 3171; baseline 0 -19"><span class='ocrx_word' id='word_1_252' title='bbox 124 3110 183 3170; x_wconf 91' lang='lat' dir='ltr'><strong><em>pcr</em></strong></span> <span class='ocrx_word' id='word_1_253' title='bbox 197 3098 289 3152; x_wconf 87' lang='lat' dir='ltr'><strong><em>totam</em></strong></span> <span class='ocrx_word' id='word_1_254' title='bbox 299 3094 455 3153; x_wconf 82' lang='lat' dir='ltr'><strong><em>Ecclesium</em></strong></span> <span class='ocrx_word' id='word_1_255' title='bbox 464 3095 705 3171; x_wconf 80' lang='lat' dir='ltr'><strong><em>promulgentur,</em></strong></span> <span class='ocrx_word' id='word_1_256' title='bbox 716 3090 738 3153; x_wconf 91' lang='grc'><strong><em>1.</em></strong></span> <span class='ocrx_word' id='word_1_257' title='bbox 747 3095 776 3153; x_wconf 92' lang='grc'><strong><em>1.</em></strong></span> <span class='ocrx_word' id='word_1_258' title='bbox 787 3111 819 3152; x_wconf 89' lang='lat' dir='ltr'><strong><em>n.</em></strong></span> <span class='ocrx_word' id='word_1_259' title='bbox 828 3093 897 3152; x_wconf 87' lang='grc'><strong>100.</strong></span> <span class='ocrx_word' id='word_1_260' title='bbox 908 3110 982 3153; x_wconf 83' lang='lat' dir='ltr'><strong><em>uere.</em></strong></span> <span class='ocrx_word' id='word_1_261' title='bbox 994 3094 1093 3168; x_wconf 83' lang='lat' dir='ltr'><strong><em>Quoer.</em></strong></span> <span class='ocrx_word' id='word_1_262' title='bbox 1103 3097 1133 3154; x_wconf 89' lang='grc'><strong><em>0.</em></strong></span> 
     </span>
     <span class='ocr_line' id='line_1_34' title="bbox 123 3176 1136 3255; baseline -0.001 -18"><span class='ocrx_word' id='word_1_263' title='bbox 123 3177 307 3237; x_wconf 76' lang='lat' dir='ltr'><strong><em>Addondum</em></strong></span> <span class='ocrx_word' id='word_1_264' title='bbox 330 3187 432 3238; x_wconf 84' lang='lat' dir='ltr'><strong><em>tamen</em></strong></span> <span class='ocrx_word' id='word_1_265' title='bbox 451 3187 516 3249; x_wconf 85' lang='lat' dir='ltr'><strong><em>ost,</em></strong></span> <span class='ocrx_word' id='word_1_266' title='bbox 534 3176 613 3254; x_wconf 86' lang='lat' dir='ltr'><strong>qudd</strong></span> <span class='ocrx_word' id='word_1_267' title='bbox 637 3176 807 3255; x_wconf 84' lang='lat' dir='ltr'><strong><em>hujusmodi</em></strong></span> <span class='ocrx_word' id='word_1_268' title='bbox 831 3177 1055 3249; x_wconf 83' lang='lat' dir='ltr'><strong><em>declarationes,</em></strong></span> <span class='ocrx_word' id='word_1_269' title='bbox 1070 3196 1136 3255; x_wconf 82' lang='lat' dir='ltr'><strong><em>qum</em></strong></span> 
     </span>
     <span class='ocr_line' id='line_1_35' title="bbox 123 3259 1136 3341; baseline 0.001 -22"><span class='ocrx_word' id='word_1_270' title='bbox 123 3259 190 3338; x_wconf 82' lang='lat' dir='ltr'><strong><em>jem</em></strong></span> <span class='ocrx_word' id='word_1_271' title='bbox 202 3261 235 3321; x_wconf 92' lang='lat' dir='ltr'><strong><em>in</em></strong></span> <span class='ocrx_word' id='word_1_272' title='bbox 250 3260 376 3323; x_wconf 80' lang='lat' dir='ltr'><strong><em>Ecclesia</em></strong></span> <span class='ocrx_word' id='word_1_273' title='bbox 395 3263 601 3323; x_wconf 82' lang='lat' dir='ltr'><strong><em>universaliter</em></strong></span> <span class='ocrx_word' id='word_1_274' title='bbox 617 3262 791 3341; x_wconf 78' lang='lat' dir='ltr'><strong><em>divulgatae,</em></strong></span> <span class='ocrx_word' id='word_1_275' title='bbox 812 3271 843 3323; x_wconf 87' lang='lat' dir='ltr'><strong><em>et</em></strong></span> <span class='ocrx_word' id='word_1_276' title='bbox 858 3263 934 3322; x_wconf 87' lang='lat' dir='ltr'><strong><em>sacto</em></strong></span> <span class='ocrx_word' id='word_1_277' title='bbox 948 3263 989 3321; x_wconf 86' lang='lat' dir='ltr'><strong><em>sic</em></strong></span> <span class='ocrx_word' id='word_1_278' title='bbox 1002 3260 1136 3339; x_wconf 91' lang='lat' dir='ltr'><strong><em>promul·</em></strong></span> 
     </span>
     <span class='ocr_line' id='line_1_36' title="bbox 126 3347 1136 3425; baseline -0.005 -22"><span class='ocrx_word' id='word_1_279' title='bbox 126 3354 205 3423; x_wconf 75' lang='lat' dir='ltr'><strong><em>gatae</em></strong></span> <span class='ocrx_word' id='word_1_280' title='bbox 224 3347 336 3409; x_wconf 86' lang='lat' dir='ltr'><strong><em>luerint</em></strong></span> <span class='ocrx_word' id='word_1_281' title='bbox 356 3365 411 3407; x_wconf 88' lang='lat' dir='ltr'><strong><em>usu</em></strong></span> <span class='ocrx_word' id='word_1_282' title='bbox 431 3348 582 3425; x_wconf 88' lang='lat' dir='ltr'><strong><em>plurium,</em></strong></span> <span class='ocrx_word' id='word_1_283' title='bbox 601 3348 649 3407; x_wconf 88' lang='lat' dir='ltr'><strong><em>vel</em></strong></span> <span class='ocrx_word' id='word_1_284' title='bbox 671 3348 813 3408; x_wconf 86' lang='lat' dir='ltr'><strong><em>relatione</em></strong></span> <span class='ocrx_word' id='word_1_285' title='bbox 823 3349 984 3407; x_wconf 74' lang='lat' dir='ltr'><strong><em>ductorum</em></strong></span> <span class='ocrx_word' id='word_1_286' title='bbox 1005 3350 1136 3401; x_wconf 83' lang='lat' dir='ltr'><strong><em>commu·</em></strong></span> 
     </span>
     <span class='ocr_line' id='line_1_37' title="bbox 128 3426 1134 3509; baseline -0.007 -21"><span class='ocrx_word' id='word_1_287' title='bbox 128 3429 211 3489; x_wconf 87' lang='lat' dir='ltr'><strong><em>ultor</em></strong></span> <span class='ocrx_word' id='word_1_288' title='bbox 230 3432 307 3509; x_wconf 85' lang='lat' dir='ltr'><strong><em>ipsas</em></strong></span> <span class='ocrx_word' id='word_1_289' title='bbox 327 3428 597 3503; x_wconf 80' lang='lat' dir='ltr'><strong><em>rolcmntium,hoe</em></strong></span> <span class='ocrx_word' id='word_1_290' title='bbox 609 3433 678 3492; x_wconf 86' lang='lat' dir='ltr'><strong><em>satis</em></strong></span> <span class='ocrx_word' id='word_1_291' title='bbox 697 3451 799 3493; x_wconf 85' lang='lat' dir='ltr'><strong><em>omnes</em></strong></span> <span class='ocrx_word' id='word_1_292' title='bbox 817 3430 918 3491; x_wconf 84' lang='lat' dir='ltr'><strong><em>fideles</em></strong></span> <span class='ocrx_word' id='word_1_293' title='bbox 937 3426 1134 3499; x_wconf 79' lang='lat' dir='ltr'><strong><em>obstringunt.</em></strong></span> 
     </span>
    </p>

    <p class='ocr_par' dir='ltr' id='par_1_9' title="bbox 126 3511 1137 3740">
     <span class='ocr_line' id='line_1_38' title="bbox 167 3511 1137 3598; baseline -0.007 -23"><span class='ocrx_word' id='word_1_294' title='bbox 167 3515 295 3588; x_wconf 82' lang='lat' dir='ltr'><strong><em>Quill.</em></strong></span> <span class='ocrx_word' id='word_1_295' title='bbox 317 3512 364 3578; x_wconf 82' lang='grc' dir='ltr'><strong><em>Αἰι</em></strong></span> <span class='ocrx_word' id='word_1_296' title='bbox 385 3520 542 3598; x_wconf 79' lang='lat' dir='ltr'><strong><em>Episcopus</em></strong></span> <span class='ocrx_word' id='word_1_297' title='bbox 561 3519 727 3596; x_wconf 85' lang='lat' dir='ltr'><strong><em>dispensare</em></strong></span> <span class='ocrx_word' id='word_1_298' title='bbox 747 3515 840 3596; x_wconf 87' lang='lat' dir='ltr'><strong><em>possit</em></strong></span> <span class='ocrx_word' id='word_1_299' title='bbox 863 3515 895 3573; x_wconf 93' lang='lat' dir='ltr'><strong><em>in</em></strong></span> <span class='ocrx_word' id='word_1_300' title='bbox 914 3511 1029 3571; x_wconf 85' lang='lat' dir='ltr'><strong><em>statutis</em></strong></span> <span class='ocrx_word' id='word_1_301' title='bbox 1049 3525 1137 3568; x_wconf 84' lang='lat' dir='ltr'><strong><em>cano-</em></strong></span> 
     </span>
     <span class='ocr_line' id='line_1_39' title="bbox 126 3590 1136 3740; baseline -0.012 -77"><span class='ocrx_word' id='word_1_302' title='bbox 126 3599 205 3663; x_wconf 83' lang='lat' dir='ltr'><strong><em>nicis</em></strong></span> <span class='ocrx_word' id='word_1_303' title='bbox 216 3644 225 3676; x_wconf 88' lang='lat'><strong><em>,</em></strong></span> <span class='ocrx_word' id='word_1_304' title='bbox 238 3603 270 3664; x_wconf 93' lang='lat' dir='ltr'><strong><em>in</em></strong></span> <span class='ocrx_word' id='word_1_305' title='bbox 287 3604 396 3683; x_wconf 88' lang='lat' dir='ltr'><strong><em>quibus</em></strong></span> <span class='ocrx_word' id='word_1_306' title='bbox 407 3604 587 3693; x_wconf 76' lang='lat' dir='ltr'><strong><em>disponsatis</em></strong></span> <span class='ocrx_word' id='word_1_307' title='bbox 598 3612 745 3665; x_wconf 79' lang='lat' dir='ltr'><strong><em>reservata</em></strong></span> <span class='ocrx_word' id='word_1_308' title='bbox 760 3590 1136 3740; x_wconf 59' lang='grc' dir='ltr'><strong>0000010νὲεὲ10000100</strong></span> 
     </span>
    </p>
   </div>
   <div class='ocr_carea' id='block_1_5' title="bbox 0 0 1326 4150">
    <p class='ocr_par' dir='ltr' id='par_1_10' title="bbox 0 0 1326 4150">
     <span class='ocr_line' id='line_1_40' title="bbox 0 0 1326 4150; baseline 0 1"><span class='ocrx_word' id='word_1_309' title='bbox 0 0 1326 4150; x_wconf 95' lang='lat' dir='ltr'><strong><em> </em></strong></span> 
     </span>
    </p>
   </div>
  </div>
 </body>
</html>
