2642 4150
216 253 286 322 ’590
596 241 693 305 Index
705 222 841 337 ii'crur'ns
1285 299 1286 316 Χ

267 343 506 436 Phnrtrturopoio
520 348 557 409 46
575 345 649 424 quid
670 351 817 405 teneatur.
836 336 855 397 4.
875 339 904 397 t.
922 355 955 395 n.
976 336 1044 395 994.
1066 353 1096 395 o.
1109 334 1138 395 9.
1153 334 1228 395 4444444
1285 319 1286 328 ¹

228 455 324 526 potest
347 450 447 524 petere
468 437 484 499 4
504 430 659 515 principali
690 434 756 507 post
780 425 856 484 dnos
877 437 990 491 annus,
1009 430 1040 480 et
1061 420 1098 479 ab
1121 418 1229 480 herede
1285 453 1286 498 p

228 539 293 610 post
313 530 387 590 duos
406 539 531 587 menses.
554 513 576 579 4.
596 518 627 575 4.
645 521 678 574 n'.
702 501 1031 583 444444444444444444144
1054 509 1121 583 quoe
1144 505 1228 582 inter·
1285 511 1286 570 t

229 616 394 695 rogationes
416 606 565 671 faciendae.
581 601 723 662 tomos.
748 592 879 672 consess.
902 611 935 652 o.
955 592 1003 652 448.

231 707 233 714 ⁴
267 693 491 779 Pitisioynoncia
505 687 577 770 quid
600 687 648 745 sit.
662 680 683 743 4.
706 683 737 741 4.
761 699 794 740 n.
811 680 840 738 9.
853 696 881 738 4.
896 678 926 738 8.

266 780 447 845 thrctico
464 795 502 837 en
522 771 618 833 danda
633 771 671 829 sit
690 776 819 827 extremo
835 762 939 823 Unctio
950 765 965 819 4
976 758 998 821 4.
1013 762 1043 821 6.
1055 779 1077 821 n
1090 761 1156 821 759.

147 881 149 888 '
269 869 401 930 Pictura.
414 863 550 941 Aspicere
565 857 693 936 picturas
708 861 819 929 turpes.
831 844 852 908 4.
873 849 902 907 4.
922 864 953 906 4.
973 846 1042 906 494.
1056 847 1102 905 444
1115 846 1225 923 picture

229 954 288 1014 sint
304 949 432 1029 proprie
455 937 659 1024 religiosisii.
682 940 710 999 4.
727 954 759 995 4.
782 936 831 994 44.
844 951 873 992 o.
887 929 1042 1007 Quocitm
1052 921 1109 990 444.
1285 983 1286 988 ,

268 1023 516 1112 Pietasqunndo
537 1031 654 1087 excuset
674 1021 710 1083 ad
736 1018 942 1081 laborandum.
963 1012 984 1074 4.
1012 1019 1041 1074 4.
1064 1029 1145 1073 nutu.
1165 1013 1223 1073 994.
1285 1039 1286 1090 3

230 1111 353 1196 Quando
374 1118 391 1179 4
412 1116 544 1196 jejuniis.
569 1131 602 1173 n.
626 1109 715 1170 4048.
739 1102 820 1178 Quid
835 1104 859 1162 si
875 1102 943 1181 quis
967 1097 1076 1178 sponte
1101 1099 1226 1177 suscipiat

230 1223 318 1287 opera
332 1204 461 1286 pietatis.
475 1198 516 1262 46.
534 1216 564 1258 4.
578 1193 634 1256 Sed
652 1191 786 1255 dubiutn.
1285 1225 1286 1236 .

269 1290 395 1371 Pipaut.
414 1290 539 1348 Fructus
558 1280 691 1361 pignoris
708 1277 817 1337 debent
835 1271 962 1348 restitui.
982 1265 1003 1331 4.
1016 1271 1047 1329 4.
1063 1287 1146 1329 nuta.
1168 1265 1225 1328 774.
1285 1241 1286 1316 4

231 1375 310 1450 Quid
331 1376 355 1434 si
374 1374 479 1454 pignus
500 1370 602 1430 datum
618 1366 657 1424 sii
678 1367 735 1442 pro
754 1361 832 1421 dote.
855 1354 928 1417 idid.
944 1373 973 1415 u.
1000 1352 1170 1433 Excipitur.
1194 1355 1227 1410 iic
1285 1321 1286 1372 4

232 1468 383 1521 eontracta
410 1455 553 1537 pignoris.
572 1470 605 1512 n.
623 1450 693 1510 945.
716 1449 806 1508 Utens
820 1444 955 1525 pignore.
975 1461 1007 1502 4.
1030 1440 1098 1500 944.
1112 1439 1185 1512 Quae
1199 1437 1226 1495 ti·

232 1554 319 1607 ccam
333 1541 496 1623 pignorari.
516 1557 547 1599 n.
562 1538 629 1598 9444.

271 1625 382 1689 Pileoio
401 1644 438 1685 an
461 1626 547 1685 444444
567 1622 612 1681 uti
630 1621 662 1681 in
683 1619 792 1680 missa?
807 1611 828 1674 4.
849 1615 880 1674 6.
897 1631 982 1673 4444.
1002 1610 1060 1671 596
1075 1616 1105 1668 et
1117 1608 1183 1668 597.
1200 1603 1227 1664 444

235 1713 286 1792 qui
310 1711 403 1794 possit
423 1708 493 1770 dare
503 1708 665 1769 licentiam.
679 1702 721 1766 44.
735 1720 765 1763 4.
781 1700 902 1772 4444444.

229 1837 233 1846 ·
272 1796 397 1877 Pinperr
411 1840 419 1868 ‚
431 1804 462 1855 et
484 1793 595 1855 Pictor.
613 1792 738 1868 Pingere
755 1777 787 1848 in
805 1786 908 1846 diebus
931 1782 1023 1843 iestis.
1046 1777 1069 1840 4.
1083 1781 1113 1840 4.
1126 1796 1156 1837 n.
1171 1777 1227 1836 980.

234 1880 412 1953 Retrahere,
434 1889 464 1940 et
477 1879 634 1939 delineare.
653 1894 684 1934 n.
705 1874 773 1934 984.
788 1872 912 1949 Pingere
933 1869 1042 1944 turpia.
1067 1862 1089 1924 4.
1099 1867 1133 1931 5.
1144 1882 1174 1920 n.
1188 1861 1228 1920 46.

234 1968 279 2026 An
294 1967 418 2044 pictores
436 1973 612 2027 excusentur
626 1960 643 2020 4
660 1958 776 2038 jejunio
789 1960 803 2014 4
818 1952 840 2016 4.
854 1957 883 2015 4.
899 1973 931 2013 n.
944 1953 1029 2016 4054.
1042 1968 1072 2011 4.
1087 1952 1116 2009 5.
1132 1947 1227 2007 Consu.

272 2050 482 2124 Pirnntontio‚
499 2048 565 2111 vide
578 2046 599 2107 4.
614 2047 643 2106 4.
661 2064 695 2106 4.
718 2045 748 2105 6.
760 2060 790 2103 4.
806 2037 972 2102 4444444444.

174 2154 176 2159 ’
272 2137 390 2198 Pistori
405 2140 435 2198 in
455 2137 558 2197 diebus
574 2134 665 2193 iestis.
676 2129 699 2191 4.
714 2132 744 2190 4.
756 2149 788 2190 4.
802 2128 871 2188 985.

215 2244 218 2249 ’
272 2223 371 2282 Pisces
390 2231 527 2281 vetantur
548 2216 723 2295 dispensatis
741 2214 777 2274 nd
795 2228 907 2272 carnes.
933 2209 954 2271 4.
968 2210 1002 2283 ν4.
1023 2229 1055 2271 n.
1083 2209 1169 2271 4044.
1193 2208 1229 2266 44

233 2307 328 2385 pisces
348 2314 487 2365 vetentur
505 2305 536 2363 in
548 2301 755 2362 cottatinncnta
768 2303 783 2356 4
796 2293 818 2356 4.
832 2298 861 2355 4.
876 2315 907 2356 n.
925 2297 1011 2355 4098.
1202 2308 1206 2316 ·

221 2438 227 2453 .
271 2388 439 2452 Planintio.
453 2389 625 2466 inquiritur
642 2385 809 2448 dominium
832 2382 1024 2459 plantatione.
1043 2376 1064 2439 4.
1079 2382 1110 2440 4.
1127 2397 1157 2438 n.
1174 2377 1229 2437 tut.
1285 2362 1286 2437 4

273 2472 441 2538 Piurniitos
469 2471 686 2534 Beneficiorum
701 2471 801 2530 vetita.
823 2464 845 2526 4.
867 2469 897 2527 4.
921 2484 953 2525 n.
975 2467 1042 2526 4444.
1061 2474 1092 2526 44
1114 2480 1147 2524 n.
1175 2452 1228 2522 447.
1285 2442 1286 2515 i

235 2566 335 2627 Ctusoe
356 2559 588 2621 cohonestantes.
606 2576 639 2615 n.
656 2558 722 2616 448.
1139 2616 1142 2623 .
1285 2572 1286 2615 3

234 2674 238 2681 ·
274 2644 414 2726 Podnpru
430 2646 566 2704 laborans
583 2649 680 2722 potest
694 2639 801 2700 deferri
814 2628 852 2698 ad
866 2638 958 2698 aliare
974 2647 1007 2698 ut
1022 2635 1163 2698 celebret.
1172 2628 1193 2694 i.
1206 2633 1229 2692 4.

236 2753 318 2797 4444.
337 2734 405 2793 944.
418 2751 446 2791 4.
461 2733 493 2791 7.
1285 2714 1286 2721 ’

274 2820 488 2879 Poeniceum
508 2813 643 2874 simoniae
657 2857 666 2885 ,
679 2810 746 2873 eide
765 2808 787 2870 4.
798 2808 827 2871 4.
852 2829 885 2870 n.
903 2812 970 2871 4044.
989 2810 1089 2873 Poene
1111 2801 1230 2870 simonio

237 2901 460 2966 enniidentialis.
475 2896 496 2958 4.
513 2901 542 2960 4.
566 2917 652 2960 nutri.
672 2898 720 2959 844.
738 2896 783 2957 0h
805 2896 1023 2959 ordinationem
1043 2892 1230 2957 simoniacam·

235 3009 268 3050 n.
291 2986 359 3045 409.
374 2993 404 3044 et
415 2984 481 3044 440.
499 2983 545 3043 Ob
567 2983 754 3043 simoniacam
767 2981 956 3047 collationem
977 2976 1126 3041 beneficii:
1139 2993 1169 3034 4.
1184 2968 1228 3030 444

236 3082 335 3151 etseq.
349 3072 395 3131 44
411 3070 458 3130 lex
471 3070 596 3148 ponatis
613 3070 726 3148 obliget
746 3066 782 3126 46
800 3067 939 3145 culpam?
959 3063 981 3125 4.
1005 3066 1033 3123 4.
1052 3081 1084 3129 n.
1100 3062 1166 3121 444.
1184 3058 1231 3119 444

236 3157 291 3221 sub
312 3172 398 3237 paena
416 3154 625 3233 suspensionis.
653 3173 685 3214 n.
706 3154 773 3213 446.
800 3153 858 3212 Lex
883 3151 1034 3230 assignans
1056 3163 1189 3227 patenam,
1207 3145 1232 3196 44

237 3241 419 3325 precipiens.
446 3257 479 3299 n.
504 3240 570 3298 447.
591 3240 637 3299 An
662 3256 748 3317 poena
774 3237 944 3297 incurratur
962 3242 1031 3295 ante
1049 3224 1232 3292 sententiani

238 3327 261 3391 4.
275 3331 303 3390 4.
316 3347 349 3389 n.
367 3326 434 3385 448.
460 3326 547 3383 Poena
570 3324 716 3400 positiva,
739 3332 769 3382 et
784 3319 986 3382 inhabilitans.
1007 3338 1038 3378 n.
1061 3310 1129 3376 449.
1150 3315 1231 3371 Poenae

239 3416 271 3475 iu
290 3410 462 3474 mandantes
474 3406 668 3467 homicidium
686 3424 742 3485 per
756 3406 923 3466 assassiuos.
938 3400 962 3469 4.
977 3405 1008 3464 4.
1025 3418 1058 3461 n.
1070 3380 1136 3462 4465.
1150 3400 1231 3457 Pone

238 3499 272 3558 in
288 3504 495 3575 procurantem
528 3491 678 3552 abortum.
703 3491 876 3567 44444596.
900 3490 947 3548 tin
969 3495 1065 3548 mater
1087 3490 1230 3560 procurans

238 3580 376 3642 obertum
395 3583 528 3641 incurrat
545 3593 662 3656 poennm
677 3573 1019 3652 'excommunicationisi
1038 3567 1111 3631 ibid.
1136 3568 1187 3642 Qu.
1201 3561 1230 3619 V·

239 3660 316 3731 Quid
332 3665 364 3722 in
385 3664 476 3725 dubio
497 3661 696 3722 animationis.
716 3676 762 3721 nc
775 3659 845 3720 596.
868 3659 941 3734 Quis
963 3656 1054 3738 possit
1073 3652 1125 3713 4444
1146 3660 1231 3731 poentt
