2642 4150
394 164 790 249 'Perstceundet’nputib
1052 166 1090 234 et

123 295 138 327 s
161 268 305 332 Similiter
323 267 356 328 iu
375 264 479 328 eodem
492 268 588 330 officio
608 270 829 348 procedendum
847 269 905 330 erit
926 275 958 332 et
971 273 1090 351 procedi

86 383 100 412 a
122 356 261 416 adeamus
272 371 305 412 ae
317 352 475 412 statuimus
487 359 587 411 eontra
601 353 789 413 coniessarios
802 371 923 431 quoquc
936 398 944 427 ‚
958 364 992 415 ut
1004 356 1091 433 supris

86 467 99 495 a
126 440 332 516 delinquentes
344 479 353 506 ,
366 446 400 494 ac
410 433 447 494 de
465 437 586 496 nomine
601 437 752 514 complicis
762 439 956 514 poenitentem
969 439 1092 500 interru-

86 548 100 578 ι
123 531 246 601 gentes,
264 519 422 596 eidemque
448 519 603 595 penitenti
620 562 628 590 ,
645 520 702 579 nisi
730 520 805 580 iilud
824 522 880 581 sibi
901 521 1089 591 manifestet,

86 634 99 662 s
124 605 340 665 absolutionem
376 601 565 678 denegantes.
592 603 761 663 Dummodb
790 612 888 664 tamen
919 603 1090 681 hujusmodl

86 716 100 746 s
124 685 345 765 interrogandi,
359 702 393 744 nc
402 685 565 761 denegandi
577 696 657 745 nctus
667 687 773 746 talibus
785 689 1009 748 circumstantiis
1019 707 1090 749 con·

86 800 100 829 s
121 773 244 851 junctus
263 770 319 840 sit,
338 787 372 828 ae
387 769 566 828 convestitus
577 813 585 838 ,
596 788 661 846 quas
677 771 719 830 sic
736 780 870 847 agentem
881 772 1088 832 ¹confessarium

87 881 102 911 t
124 857 163 916 de
174 852 343 914 adlrmslcne
354 852 392 909 ad
407 851 575 928 praedictam
592 853 778 930 reprobatam
790 857 923 932 praxim,
939 853 1089 933 tamquim

87 964 102 994 t
123 939 162 998 ad
179 937 290 998 licitam
304 978 312 1005 ‚
330 935 378 995 rel
390 934 450 993 alic
464 936 670 1012 quovismodo
691 935 728 996 de
740 955 829 1017 prava
840 938 1012 999 credulitate
1025 954 1090 998 sus·

87 1029 246 1100 spectum
256 1017 394 1078 reddant.
470 1048 473 1055 ·

127 1109 232 1181 ltaque
253 1112 352 1162 contra
379 1101 533 1180 praedictos
558 1119 660 1162 omnes
684 1110 714 1163 ct
739 1104 869 1181 singulos
887 1104 1090 1184 delinquentes

87 1198 151 1256 tam
174 1186 341 1254 seculares,
365 1184 454 1262 quim
475 1186 645 1262 quorumvis
661 1187 749 1245 etiam
765 1186 1091 1264 quomodolibctexem·

87 1282 234 1354 plorum,
252 1290 285 1331 ac
311 1266 378 1328 Sedi
402 1270 565 1348 apostolice
587 1269 757 1330 immediate
783 1271 980 1347 subjectorum
1012 1275 1092 1334 ordi·

87 1374 185 1427 num,
202 1355 427 1424 institutorum,
444 1353 635 1427 societatum,
653 1361 684 1412 et
697 1354 955 1431 congregationum
972 1357 1092 1434 Regula·

85 1458 138 1500 res
151 1482 160 1508 ,
175 1436 384 1516 cuiuscumque
404 1436 554 1514 dignitatis
567 1478 575 1506 ,
589 1453 622 1494 ac
646 1435 875 1511 praeeminentius
891 1479 899 1508 ,
919 1446 970 1496 ant
989 1439 1110 1514 quovis.

86 1520 251 1599 privilegio
267 1523 370 1582 muniti
390 1521 535 1585 existant,
555 1526 725 1594 etquorum
752 1516 884 1594 specialis
903 1527 933 1579 et
960 1521 1092 1579 nominu-

85 1606 145 1665 tim
169 1604 282 1673 montio
299 1605 426 1666 iacienda
443 1604 501 1677 sit,
525 1601 734 1680 praedictorum
755 1619 933 1678 regnorum,
951 1621 984 1663 ao
1005 1602 1093 1665 ditio·

85 1705 163 1749 num
189 1689 399 1765 inquisitores,
421 1684 599 1764 potcstttei
620 1684 705 1745 nobis
742 1686 871 1761 traditi,
895 1696 925 1747 et
947 1687 1091 1766 quatenus

86 1788 163 1851 opus
181 1771 244 1841 sit,
264 1772 455 1848 praesentium
484 1777 587 1830 tenore
609 1770 647 1829 de
667 1774 744 1830 novo
772 1770 924 1844 concessi,
946 1782 1034 1850 prout
1058 1775 1090 1835 in

84 1854 258 1916 musislidci
271 1855 374 1932 ,juxta
387 1870 536 1914 sacrorum
547 1870 692 1928 canonum
704 1854 848 1926 formem,
861 1872 986 1915 necnon
997 1858 1089 1916 sancti

84 1938 175 2000 officii
190 1940 394 2015 inquisitionis
405 1936 575 2013 hujusmodi
588 1937 831 2009 constitutiones,
844 1938 1093 2014 privilegiatum

84 2023 279 2096 suetudines‚
301 2032 332 2085 et
343 2024 460 2084 decreta
471 2066 479 2092 ‚
491 2021 652 2099 diligenter
667 2020 840 2098 inquirant,
864 2029 894 2080 ct
913 2021 1091 2099 procedant,

85 2116 117 2167 et
131 2125 207 2185 quos
222 2109 254 2166 in
274 2108 374 2186 aliquo
388 2125 422 2166 ex
439 2104 607 2182 huiusmodi
618 2105 783 2165 excessibus
800 2104 960 2184 culpabiles
975 2121 1094 2183 reperc-

85 2191 169 2263 rint,
190 2193 222 2251 in
247 2209 317 2266 eos,
341 2208 397 2268 pro
421 2191 582 2249 criminum
599 2190 762 2266 qualitate,
787 2198 817 2250 et
845 2189 1093 2265 circumstantiis,

84 2276 287 2353 suspensionis
309 2274 346 2334 ob
366 2273 462 2333 cilicio
482 2273 675 2333 confessiones
695 2273 854 2346 audiendi,
881 2273 1036 2333 ueletiam
1056 2273 1093 2334 eb

84 2360 264 2419 executione
274 2358 437 2428 ordinum,
459 2357 632 2434 privationis
648 2356 875 2433 beneficiorum,
890 2356 1066 2435 dignitatum
1084 2401 1092 2427 ,

83 2458 120 2501 ae
139 2449 293 2519 perpetuas
315 2439 506 2501 inhabilitatis
524 2439 561 2498 ad
581 2440 653 2509 illa,
680 2457 815 2500 necnon
838 2439 919 2499 vocis
935 2439 1037 2497 activae
1060 2457 1093 2497 ec

83 2526 226 2601 pessime,
250 2526 275 2583 si
297 2524 454 2602 ilegulems
480 2523 613 2591 inerint,
638 2522 769 2597 aliasque
790 2538 891 2597 poenas
914 2519 1093 2595 decernant3

81 2625 191 2668 omues
208 2608 356 2667 etiamsel
373 2621 474 2666 caruru
497 2604 615 2667 tantiam
635 2605 767 2681 aliquas,
789 2605 820 2663 iu
836 2611 1013 2681 perpetuum
1025 2645 1034 2675 ,
1046 2603 1094 2663 rel

80 2691 121 2751 ud
136 2699 258 2770 tempus
274 2690 447 2769 infligendo.

125 2797 143 2827 t
164 2776 352 2851 Quicumque
372 2773 444 2834 verb
466 2774 558 2833 alium
574 2771 736 2852 quemlibet
752 2770 851 2850 aliquo
867 2786 903 2831 ex
922 2768 1095 2849 supradictis

77 2880 95 2911 ι
120 2857 222 2918 modis
247 2855 406 2935 deliquisse
423 2858 636 2935 cognoverint,
654 2874 724 2916 eum
748 2857 827 2915 intra
847 2856 1009 2916 terminum
1031 2856 1095 2917 die·

79 2964 95 2996 ι
119 2957 219 3010 rum,
233 2942 265 3000 in
282 2941 386 3001 edictis
400 2941 491 2999 munti
503 2939 592 2999 cilicii
607 2940 750 3016 ejusmodi
772 2940 971 3017 inquisitionis
982 2941 1093 3021 precligi

78 3047 95 3077 s
120 3024 249 3083 solitum
259 3067 268 3098 ,
284 3024 382 3083 cidem
406 3031 506 3083 saneto
523 3024 620 3083 officio
643 3024 818 3083 denuntiare
835 3033 1010 3101 teneantur3
1023 3028 1095 3086 alio-

77 3132 93 3161 »
117 3108 200 3185 quin
220 3124 322 3184 poenas
341 3122 402 3167 nou
424 3103 669 3167 denuntiantibus
694 3125 748 3185 per
765 3107 866 3167 eadem
885 3108 979 3169 edicta
997 3110 1092 3189 inlligi

74 3215 91 3245 s
118 3199 281 3250 consuetas
308 3192 474 3251 incurrent.
498 3187 711 3249 Verumtamen
743 3190 781 3250 ab
807 3190 975 3269 hujusmodi
1004 3199 1094 3252 onero

75 3298 92 3328 ι
116 3273 323 3334 denuntiandi
338 3273 428 3351 justis
450 3271 488 3332 de
509 3274 603 3333 causis
621 3274 710 3335 eximi
717 3275 867 3336 ‘volumus
885 3287 915 3337 et
937 3277 1093 3336 eximimus

73 3381 90 3411 a
117 3373 285 3436 pomonam
299 3358 394 3436 ipsam
412 3357 607 3435 penitentem
624 3358 777 3418 dumtaxat
794 3359 827 3419 in
850 3379 934 3419 causa
949 3355 1093 3434 propria,

71 3464 89 3494 ι
115 3439 156 3499 id
180 3438 272 3497 estin
284 3453 374 3512 essu,
396 3437 478 3516 qudd
498 3456 585 3499 suum
610 3450 762 3519 peceatum
777 3438 965 3512 confitens,b
984 3432 1095 3491 eunies·

71 3543 90 3577 ι
114 3520 206 3665 squ-rio
222 3520 358 3665 adggotur
375 3520 413 3583 ad
430 3521 487 3582 sibi
508 3523 754 3585 manifestandum
767 3531 879 3584 'nomen
892 3510 1042 3659 cgmplicis
1062 3512 1108 3572 in'

154 3618 219 3662 ona
267 3645 275 3662 .
