2642 4150
191 166 250 227 ltu
594 164 749 246 Appensltx

191 263 291 326 arandi
314 266 450 341 prolem3
471 262 521 326 sed
544 261 809 326 aliicommuniter
831 263 914 341 ajunt
936 270 1008 325 tunc
1029 268 1190 343 praesumi,

193 357 244 408 aut
264 345 343 426 quod
362 349 494 409 Pontifex
514 349 628 427 deleget
641 350 782 427 Episcopo
800 367 883 408 suam
900 347 1086 427 dispensandi
1100 353 1192 413 lacul-

194 440 305 503 tatem,
325 431 372 490 vel
391 429 469 508 qudd
488 432 520 494 in
538 450 605 492 casu
628 440 718 500 tantae
738 431 915 491 necessitatis
936 441 1026 490 cesset
1043 432 1193 511 dispensa·

192 515 281 575 tionis
297 515 471 585 reservatio,
485 523 515 576 et
536 515 616 592 quod
638 524 710 596 tunc
724 516 883 593 Episcopus
895 514 1042 591 dispenset
1060 534 1095 574 ex
1109 527 1193 594 pote·

193 603 267 657 stote
288 615 339 657 sua
361 597 518 657 ordinaria.
538 597 609 658 Vide
632 594 682 659 lib.
706 599 734 656 6.
758 617 790 657 a.
813 593 908 657 ttaa:
923 606 954 655 et
975 595 1067 657 lusiirs
1088 600 1193 661 codem

193 670 245 742 lib.
263 699 294 741 o.
310 682 377 740 615.
397 679 460 741 lund
474 682 575 740 asserit
591 677 776 762 Pipootetlus
792 680 954 758 probatque
966 723 975 750 ,
989 687 1059 738 toni.
1070 683 1099 740 ὅ.
1117 685 1193 743 Con·

192 758 262 823 cult.
278 765 327 823 55.
341 782 373 823 6.
387 765 415 822 6.
434 763 466 823 in
484 764 532 823 tali
554 782 620 823 casu
638 782 748 824 cessare
762 782 822 822 non
844 761 930 821 modd
943 767 1191 839 reservationem,

193 846 243 907 sed
264 846 353 908 etiam
374 848 468 924 legem
491 847 713 925 impedimenti,
736 855 838 925 utpote
859 865 923 905 eam
946 864 1015 923 quae
1037 845 1100 922 jam
1125 868 1194 926 per·

194 931 301 991 niciosa
313 933 454 1008 evaserit3
465 931 533 992 ciam
547 931 793 992 certumomnind
806 931 862 999 sit,
874 931 968 1007 legem
983 931 1115 990 nocivam
1131 953 1192 995 non

194 1014 342 1092 obligare,
364 1025 397 1074 ut
419 1015 526 1076 docent
548 1034 651 1076 omues
672 1033 739 1075 eum
757 1017 799 1074 D.
818 1013 919 1076 Tbom.
934 1014 970 1072 Et
988 1031 1024 1072 ex
1042 1012 1097 1074 hoc
1118 1016 1192 1076 inse·

194 1105 266 1157 runt
277 1095 458 1180 Rooeaplio,
469 1107 499 1159 et
511 1101 673 1159 Instructor
684 1116 787 1157 novor.
802 1097 1001 1157 confessarior.
1012 1096 1089 1173 qubd
1103 1099 1192 1159 adve-

196 1182 296 1240 niente
313 1199 404 1250 casu,
424 1198 483 1259 quo
503 1182 600 1260 sponsi
618 1181 681 1257 jam
700 1182 736 1239 ad
752 1181 907 1239 Ecclesiam
931 1180 1138 1257 pervenerint,
1161 1190 1193 1243 et
1231 1259 1235 1260 γ

195 1282 272 1324 rinus
290 1282 327 1324 ex
346 1264 416 1342 ipsis
435 1266 634 1325 manifestaret
644 1265 816 1323 confessario
830 1263 1069 1350 impedimentum
1091 1267 1193 1325 occul-

195 1356 258 1408 tum
277 1347 339 1424 jam
358 1358 539 1410 contractum
560 1359 710 1426 tamquam
729 1357 896 1425 peccatum,
915 1355 945 1407 et
963 1348 1023 1406 sine
1036 1347 1189 1424 scandalo,

195 1441 246 1492 out
265 1433 382 1493 infamia
406 1434 629 1494 matrimonium
648 1432 762 1493 differri
785 1451 844 1492 non
864 1438 978 1510 posset,
1001 1438 1095 1508 potest
1119 1442 1194 1493 tunc

195 1516 384 1576 contessorius
404 1517 568 1586 declarare,
587 1535 621 1576 co
640 1535 707 1576 casu
728 1535 787 1576 non
807 1515 935 1593 obligare
952 1516 1046 1592 legem
1066 1516 1193 1592 impedi·

195 1601 307 1669 menti,
324 1609 354 1660 et
370 1618 452 1678 posse
463 1598 542 1661 licite
555 1599 699 1660 contrahi.
711 1598 822 1659 veram
841 1600 878 1658 66
896 1597 1036 1674 majorem
1047 1600 1192 1660 cautelam

195 1682 369 1750 consulunt,
387 1691 420 1741 ut
436 1682 603 1741 obtineatur
618 1682 686 1741 inde
700 1682 875 1759 dispensatio
887 1681 902 1740 6
916 1684 945 1740 S.
961 1683 1190 1741 Particularia.

195 1765 252 1824 Sed
271 1765 484 1825 advertendum
503 1774 546 1824 cst
567 1764 622 1825 boc
643 1783 785 1836 currere,
808 1766 924 1843 quando
943 1765 1098 1842 Episcopus
1119 1774 1193 1825 esset
1212 1756 1216 1766 ’

195 1849 319 1923 absens3
343 1848 460 1924 quando
484 1849 595 1908 etenim
618 1848 683 1907 lieri
706 1858 823 1928 potest,
849 1848 1009 1909 necessariis
1031 1849 1068 1908 ad
1094 1850 1193 1927 ipsum

195 1940 238 1992 cst
251 1932 481 2001 recurrendum,
500 1942 533 1992 ut
549 1932 714 2011 dispenset,
730 1933 814 2008 juxta
830 1951 863 1992 ea
876 1952 942 2012 quae
955 1932 1082 1993 diximus
1093 1951 1125 1991 6.
1140 1935 1190 1992 ta.

195 2018 305 2077 Dicunt
329 2025 427 2078 autem
448 2015 620 2078 saltatorios
643 2025 673 2077 et
695 2017 814 2088 Gibcrt,
839 2016 919 2097 qubd
942 2019 966 2078 si
989 2015 1193 2078 contrahentes

195 2102 253 2161 sint
266 2101 448 2161 diversorum
462 2100 648 2170 dioecesium,
662 2102 786 2179 quisque
802 2121 925 2178 sponsus
941 2101 1027 2162 debet
1042 2099 1058 2159 6
1072 2104 1193 2180 proprio

195 2184 337 2261 Episcopo
361 2183 532 2261 dispensari.
547 2183 658 2244 Verum
677 2185 868 2260 probabiliter
881 2186 910 2245 id
925 2195 1010 2262 negat
1022 2186 1194 2244 Honoratus

199 2263 344 2343 Touraelp
353 2285 420 2325 cum
432 2264 518 2338 aliie,
531 2269 598 2345 quio
608 2268 724 2329 sublato
735 2287 786 2346 per
797 2270 971 2346 Episcopum
981 2268 1192 2344 impedimento

194 2349 240 2407 sui
257 2348 385 2412 subditi,
399 2349 461 2426 jam
480 2348 535 2410 boc
554 2352 617 2428 ipso
636 2352 734 2413 reddit
752 2351 879 2412 habilem
901 2353 938 2412 ad
959 2350 1193 2411 contrabendum

196 2449 263 2491 crim
287 2432 344 2493 alio
370 2432 534 2510 impedit03
559 2435 808 2511 quemadmodum
833 2437 884 2513 qui
910 2435 998 2495 babet
1024 2434 1193 2493 facultatem

195 2515 381 2594 dispensandi
403 2517 434 2577 in
458 2518 557 2594 aliquo
577 2521 692 2598 gradu3
716 2536 752 2579 eo
772 2521 834 2597 ipso
856 2519 935 2595 quiid
954 2518 1102 2596 dispensat
1124 2536 1192 2579 cum

196 2618 256 2661 uno
275 2619 311 2661 ex
331 2602 461 2679 sponsis,
482 2602 734 2682 dispensatoriam
752 2623 819 2662 cum
836 2604 905 2662 alio.
916 2605 951 2663 E.
967 2606 996 2661 o.
1012 2622 1045 2662 a.
1060 2604 1148 2661 llll.

234 2686 283 2746 tta.
304 2717 345 2734 ·-
365 2686 532 2762 Quaeritur,
560 2686 660 2747 utrirm
682 2688 839 2764 Episcopus
861 2688 953 2764 possit
974 2687 1038 2745 aliis
1058 2685 1197 2762 delegare

196 2768 270 2827 banc
290 2768 457 2827 facultatem
479 2768 665 2846 dispensandi
691 2772 723 2828 in
746 2770 963 2846 impedimentis
986 2770 1194 2829 dirimentibus

196 2851 228 2910 in
247 2849 336 2926 supra
355 2851 477 2909 narratis
498 2853 635 2910 casibus?
652 2853 776 2925 Quidam
796 2854 879 2929 pauci
898 2862 1020 2929 negant,
1040 2852 1091 2910 sed
1111 2870 1195 2924 coms

195 2933 326 2994 munitcr
336 2933 483 2991 affirmant
496 2936 750 3013 easrropttronac.
761 2934 853 2995 Borb.
862 2932 983 3015 sylvest.
991 2933 1194 2994 SombssPoo·

196 3014 269 3078 cios,
282 3011 421 3073 Coniucb.
430 3013 522 3074 Solm.
532 3017 678 3089 Escobor,
692 3026 744 3077 etc.
753 3021 788 3076 Et
800 3028 895 3095 potest
906 3036 970 3077 eam
985 3017 1119 3092 delegare
1132 3035 1194 3079 non

183 3096 283 3164 ,modo
301 3099 332 3156 in
343 3097 512 3175 particulari
523 3142 531 3170 ,
542 3099 592 3157 scd
604 3102 693 3159 etiam
708 3101 882 3177 generaliter
895 3119 949 3178 pro
965 3100 1103 3160 omnibus
1119 3101 1198 3158 cosi·

192 3181 250 3241 bus
268 3181 507 3253 occurrentibus,
521 3191 554 3240 ut
571 3182 654 3258 ajunt
668 3183 817 3255 Sciathos,
829 3186 962 3262 Cestrop.
973 3180 1065 3245 Solm.
1078 3185 1193 3244 Bonae.

194 3259 295 3335 attat,
308 3260 455 3340 Valentio,
463 3266 595 3343 Vosquez
602 3311 611 3342 ‚
619 3263 723 3338 Solos,
734 3267 859 3344 Henriq.
873 3265 1002 3327 coccineis
1013 3264 1192 3342 ,Guttierez,

194 3355 247 3406 eto.
262 3346 329 3408 edm
349 3349 430 3407 enim
452 3347 619 3425 hujusmodi
634 3358 760 3428 potestas
778 3368 838 3409 non
855 3349 1008 3409 industriae
1025 3348 1194 3424 personali,

195 3431 246 3489 scd
268 3431 422 3508 episcopali
443 3433 538 3491 officio
559 3435 598 3492 sit
619 3452 751 3504 annexa,
773 3435 835 3511 ipsa
850 3432 913 3509 jam
936 3440 1089 3509 reputatur
1111 3431 1195 3489 ordi·

195 3514 297 3593 naria3
315 3525 345 3576 et
364 3513 431 3576 idco
452 3515 531 3576 rectia
550 3525 643 3593 potest
661 3515 807 3595 delegari,
823 3525 856 3576 ut
870 3516 1036 3577 notavimus
1047 3532 1080 3574 6.
1093 3515 1143 3574 56.
1156 3515 1197 3574 Et
