2642 4150
181 174 220 235 ll
375 173 420 232 Dc
443 186 633 234 romariorum
651 168 767 251 Pontis.
784 169 920 245 decretis,
938 179 989 233 cte.

180 270 223 368 rei
244 271 427 370 spiritualis,
444 273 486 339 sie
504 280 538 334 ut
559 271 634 333 illud
654 271 749 350 pluris
763 273 937 345 estimetur,
957 270 1047 352 quim
1064 289 1111 336 res
1127 274 1188 353 spi-

178 357 358 503 armotiam
380 441 456 504 dixit
478 439 644 502 Concilium
664 439 899 513 Tridentium,
920 459 971 504 eos
995 444 1098 506 alicnis
1119 428 1188 523 pec}

179 527 250 585 eatis
262 527 515 588 communicantes
527 524 694 586 mortaliter
703 541 823 602 peccare
829 570 839 602 ,
851 526 901 602 qui
915 544 976 587 non
987 546 1061 606 quos
1072 528 1188 606 dignio-

177 627 244 683 res,
259 620 290 671 et
311 608 444 671 Ecclesia
467 611 559 688 magis
578 609 665 670 utiles
680 610 736 686 ipsi
755 608 1032 688 judicaverint,ad
1048 615 1188 675 Ecclesias

178 705 357 774 promovent
373 718 381 756 c
399 696 563 757 Concilium
581 694 629 755 vel
649 692 748 772 primo
766 694 886 756 videtur
902 713 956 775 per
973 695 1030 758 hoe
1041 696 1188 778 diyniores
1292 696 1295 703 ’

178 797 240 839 non
264 781 344 840 aliud
372 781 537 859 significare
557 779 655 850 velle,
671 779 738 839 ‘nisi
763 778 935 857 dignitatem
962 782 1186 861 eligendorum,

178 872 297 943 sumpto
308 865 507 944 comparativo
517 881 571 942 pro
580 862 782 941 positiv03ael
793 862 920 925 secundo
930 864 1079 926 locutione
1089 864 1188 929 minias

176 948 299 1027 proprii
307 950 392 1027 ponit
403 945 549 1028 diqaiores
559 954 592 1006 ut
602 947 737 1006 excludat
750 945 903 1024 indignos,
914 966 975 1009 noa
985 948 1057 1012 verb
1065 949 1185 1029 dignos,

180 1033 226 1094 acl
249 1034 369 1093 tandem
390 1032 522 1110 loquitur
541 1030 649 1104 tertib,
672 1030 789 1110 quando
807 1031 843 1092 fit
859 1050 1029 1094 concursus.

216 1118 267 1178 ta.
280 1119 354 1177 'lam
374 1117 486 1177 clarum
500 1116 638 1189 videtur,
656 1115 877 1178 fornicationem
895 1115 1057 1178 secundiam
1070 1135 1101 1178 se
1118 1119 1186 1180 narl-

178 1202 238 1262 lam
258 1203 412 1263 involvere
432 1201 596 1274 malitiam,
612 1209 642 1261 et
660 1199 757 1260 solirm
776 1218 838 1260 esse
856 1202 986 1275 malam,
1002 1203 1071 1279 qula
1093 1203 1186 1263 inter·

179 1287 278 1360 diota,
295 1295 330 1347 ut
347 1288 529 1347 contrarium
547 1282 671 1346 omninb
689 1286 796 1345 rationi
813 1286 964 1347 dissonum
982 1287 1127 1347 videatur.

217 1373 267 1433 ta.
286 1372 423 1432 Mollities
438 1369 506 1447 jare
527 1376 640 1430 naturae
653 1367 802 1447 prohibita
822 1388 882 1431 non
902 1379 955 1431 est.
971 1370 1054 1431 Unde
1069 1372 1093 1431 si
1108 1373 1185 1432 Deus

178 1474 244 1518 eam
267 1475 327 1517 noa
348 1455 566 1528 interdixisset,
583 1453 660 1534 saepe
681 1462 757 1516 essct
775 1455 874 1529 buna,
889 1462 919 1517 et
934 1455 1091 1534 aliquando
1110 1456 1185 1516 obli·

177 1542 289 1622 gatoria
304 1541 360 1603 sub
376 1541 504 1602 mortali.

218 1629 268 1688 b'0.
280 1627 390 1705 Copula
410 1645 478 1687 cum
499 1623 673 1705 conjugata,
690 1624 889 1686 consentiente
915 1626 1041 1700 marito,
1062 1636 1184 1687 nonest

178 1710 374 1782 adulterium,
395 1709 526 1789 adeoque
549 1709 657 1771 sullleit
678 1710 710 1770 in
732 1709 913 1772 confessione
932 1711 1049 1788 dicere,
1074 1729 1105 1771 se
1123 1728 1186 1772 esse

176 1797 365 1858 fornicatum.

217 1882 266 1942 dl.
278 1879 414 1940 Famulus
425 1924 433 1951 ,
444 1880 494 1958 qui
505 1877 655 1940 submissis
667 1877 800 1941 humeris
812 1882 938 1942 scienter
948 1880 1067 1957 adjuvat
1077 1878 1184 1941 berum

177 1984 264 2026 suum
285 1963 439 2025 ascendere
460 1981 513 2044 per
535 1965 679 2024 fenestras
698 1963 735 2025 ad
755 1965 1133 2044 stuprandamairginem,
1154 1974 1185 2025 et

177 2049 328 2113 multoties
348 2048 444 2110 eidem
461 2032 623 2124 subservit,
643 2049 802 2111 deserendo
823 2052 947 2121 scalam,
969 2049 1126 2130 aperiendo
1139 2048 1185 2125 Ja-

177 2155 287 2209 nuam,
304 2142 355 2194 aut
372 2134 445 2212 quid
464 2135 561 2194 simile
581 2135 786 2214 cobperando,
806 2154 866 2196 nnn
886 2145 986 2215 peceat
1007 2135 1184 2206 mortaliter,

177 2223 202 2282 si
223 2220 254 2281 id
277 2219 363 2281 faeiat
386 2227 468 2280 metu
490 2218 628 2279 notabilis
650 2220 844 2291 detrimenti,
868 2220 938 2300 puta
961 2237 999 2280 ne
1024 2218 1185 2279 bdomino

177 2301 254 2367 mali
279 2310 438 2379 tractetur,
462 2319 501 2365 ne
525 2304 616 2364 torvis
640 2304 732 2366 oculis
756 2305 935 2384 aspiciatur,
960 2322 998 2365 ue
1021 2303 1109 2364 domo
1132 2321 1184 2363 ex-

200 2390 317 2450 ellatur.

177 2409 265 2535 pil.
287 2476 469 2552 Praeceptum
492 2470 627 2534 servandi
651 2474 724 2534 sesto
748 2491 809 2535 non
831 2474 941 2555 obliget
963 2472 1019 2535 suh
1040 2473 1184 2548 mortali,

176 2558 303 2639 seposito
327 2559 481 2630 scandalo,
505 2559 529 2617 si
549 2559 625 2619 absit
639 2566 835 2639 contemptus.

217 2645 265 2706 55.
286 2644 430 2703 Satislaeit
455 2651 601 2722 praeeeptc
622 2645 755 2705 Ecclesiae
779 2645 816 2704 de
837 2643 982 2704 audiendo
1004 2660 1106 2718 sacro,
1130 2643 1183 2720 qui

176 2729 249 2789 duas
267 2727 329 2805 cjus
347 2735 463 2812 partes,
482 2727 543 2790 imi>
565 2736 693 2808 quatuor
716 2729 805 2790 simul
826 2728 843 2790 i
865 2729 988 2790 diuersis
1009 2725 1185 2788 celebranti·

176 2814 232 2875 bus
250 2813 344 2872 audit.

216 2898 265 2957 bl.
281 2897 338 2970 Qui
358 2913 418 2956 non
437 2903 532 2975 potest
552 2897 677 2958 recitare
698 2899 876 2959 blatutinum
898 2907 927 2959 ct
939 2895 1066 2969 Laudes,
1086 2902 1185 2974 potest

176 2989 276 3041 autem
293 2981 423 3059 reliquas
442 2983 553 3055 lloras,
572 2981 610 3042 ad
630 2980 760 3044 nibilum
777 2992 913 3057 tenetur,
928 2983 996 3061 quia
1009 2979 1104 3058 maior
1115 2998 1185 3058 pars

176 3063 270 3127 trahit
288 3066 324 3125 ad
344 3066 552 3127 seminarem.

217 3150 267 3210 bb.
283 3151 431 3228 Praecepto
451 3150 669 3212 communionis
692 3169 798 3213 annum
816 3149 920 3213 satisfit
941 3168 995 3229 per
1013 3149 1186 3228 sacrilegam

177 3233 315 3311 Corporis
333 3235 452 3295 Domini
472 3235 737 3297 manducationem.

216 3319 265 3377 56.
284 3318 433 3397 Frequens
452 3320 613 3390 consessio,
634 3329 664 3379 et
682 3321 871 3395 communio,
888 3320 978 3380 etiam
998 3318 1030 3379 in
1048 3315 1112 3391 his,
1130 3319 1184 3397 qui

177 3402 329 3483 gentiliter
348 3405 471 3473 vivunt,
493 3410 537 3462 est
561 3413 629 3463 nota
652 3405 927 3483 praedestinationis.

215 3486 433 3548 demutabile
455 3496 521 3562 est,
540 3487 673 3549 sufficere
689 3489 873 3550 attritionem
893 3487 1076 3560 naturalem,
1094 3486 1186 3549 modb

71 3567 73 3582 '
176 3567 339 3633 honestam.
