2642 4150
176 190 236 251 911
600 180 757 263 Appendio
854 201 857 205 ·

175 300 319 356 Praetereo
342 301 443 353 narrat
452 293 585 352 Socrates
599 288 679 350 Hist.
694 287 745 349 tt.
759 290 824 349 ibe.
836 290 897 366 lb,
909 289 990 367 quid
1005 290 1185 373 theophilae

172 379 304 454 ejusdcm
329 375 534 437 Alexandrinae
549 374 681 432 Ecclesioe
696 370 884 443 patriarcha,
905 374 953 432 vir
964 374 1154 437 «doctissimus
1170 422 1180 449 ,

173 460 241 522 ohan
249 462 416 539 perlegisset
425 455 560 537 origenis
572 457 664 516 libros
676 457 713 514 de
726 456 875 534 principiis
883 456 967 533 (quos
975 459 1183 534 ipsenmoium

174 546 288 621 primus
314 540 486 617 damnavit),
500 557 560 601 non
582 538 703 599 moddh
725 539 787 596 suis
805 537 979 616 objurgatus
1002 542 1057 613 sit,
1080 543 1181 605 sedin

173 630 304 688 Concilio
319 628 472 685 damnatus
483 668 493 697 ,
504 624 557 684 ubi
569 624 770 684 exeusationes
784 620 822 681 ab
834 638 870 680 eo
886 623 981 684 allatae
991 641 1182 703 nequaquem

173 710 306 772 admissae
319 711 448 769 inerunt.

165 827 173 836 “
212 827 265 887 Vl.
281 827 378 903 Usque
393 825 430 884 ab
445 823 577 883 Ecclesia
590 822 779 901 primordiis,
796 824 851 886 hoc
866 824 947 903 ipso,
968 822 1049 902 quta
1062 826 1182 904 aliquod

174 928 247 990 opus
263 910 300 968 ab
314 907 453 969 haeretico
469 918 640 966 nosceretur
657 909 875 985 redemptum,
893 909 983 966 ctiam
1000 909 1086 968 ‘nulla
1100 929 1181 970 ema·

174 995 242 1054 nata
266 993 382 1070 speciali
403 990 627 1070 prohibitione,
655 990 730 1049 illud
755 991 851 1068 legere
870 991 984 1070 (saltem
1006 993 1182 1068 generaliter

173 1075 332 1154 loquendo)
350 1076 475 1134 vetitum
489 1082 562 1132 erat.
576 1074 625 1132 Sic
637 1074 787 1148 respondit
799 1076 831 1134 S.
851 1073 1010 1152 Gregorius
1021 1074 1181 1136 Anastasia

134 1171 139 1179 ‘
174 1157 350 1219 Potriarchae
376 1155 559 1217 Antiocheno
588 1157 803 1232 interroganti,
830 1177 869 1216 an
895 1159 1032 1216 damnato
1050 1159 1180 1234 quodam

130 1278 133 1286 ·
173 1240 310 1303 heretico
323 1285 331 1312 ,
344 1241 443 1299 omnia
464 1238 528 1316 ejus
547 1257 634 1317 opera
648 1240 747 1298 statim
769 1240 904 1300 damnata
921 1239 1054 1298 habende
1067 1245 1182 1301 essent?

178 1323 249 1385 Vide
261 1322 350 1383 Card.
361 1325 450 1382 Petra
464 1330 485 1380 t.
498 1324 527 1381 1.
538 1341 572 1401 p.
587 1324 616 1381 8.
629 1322 661 1380 in
672 1326 770 1382 Const.
786 1320 912 1394 Gelasii,
926 1319 1013 1382 Valde
1025 1365 1032 1390 ,
1042 1330 1094 1380 eto.
1104 1324 1183 1382 Prae·

175 1416 274 1478 terea,
293 1404 361 1465 chm
385 1408 416 1464 in
430 1406 518 1465 domo
528 1405 680 1481 cujusdam
693 1405 855 1466 Athanasii
867 1406 1029 1484 presbyteri
1041 1405 1179 1465 monachi

174 1492 207 1551 in
219 1491 326 1549 lsauria
344 1490 480 1549 inventus
493 1489 595 1549 fuisset
609 1489 698 1547 codex
712 1531 720 1559 ,
735 1490 766 1548 in
779 1508 839 1565 qno
850 1507 965 1549 errores
976 1489 1066 1566 aliqui
1078 1496 1183 1549 contre

174 1573 264 1633 iidem
284 1572 510 1632 continebantur
525 1615 533 1642 ,
548 1574 681 1632 Ioannes
700 1573 878 1649 Episcopus,
893 1572 1032 1631 damnato
1058 1571 1180 1645 codice,

174 1658 273 1733 ipsum
298 1655 316 1714 d
339 1656 518 1714 monasterio
537 1657 672 1732 expulit,
686 1656 907 1732 transmisitque
923 1666 984 1714 octa
1003 1653 1041 1712 ed
1061 1655 1093 1713 S.
1108 1656 1183 1715 Gre-

172 1739 308 1819 gorium,
322 1738 373 1812 qui
392 1756 455 1797 rem
471 1739 625 1815 probavit,
639 1739 690 1796 sed
712 1738 780 1798 crim
794 1738 978 1798 Athanasius
991 1738 1187 1810 asseruisset,

173 1840 205 1881 se
215 1823 384 1899 ignoranter
405 1822 526 1897 legisse,
543 1823 703 1902 Gregorius
721 1823 748 1880 ei
767 1823 898 1881 reditum
918 1822 954 1879 ad
968 1822 1180 1883 monasterium

175 1904 333 1974 concessit,
349 1904 482 1981 expresse
500 1912 600 1964 tamen
621 1904 782 1981 prohibens
801 1905 881 1964 iilius
896 1906 992 1982 operis
1012 1904 1177 1965 lectionem.

173 1988 204 2045 S.
219 1988 338 2066 Gregor.
353 1988 436 2065 epist.
451 1985 492 2046 od
506 1986 651 2047 Athones.
668 1990 716 2047 61.
737 1985 787 2047 tib.
811 1991 841 2048 6.
862 2005 886 2048 s.
901 1990 968 2047 tet.
980 1990 1055 2046 ilinc
1076 1996 1181 2049 notant

174 2073 307 2132 Editores
332 2070 349 2132 d
371 2075 602 2150 congregatione
626 2074 658 2133 S.
683 2069 792 2133 Mauri
811 2080 879 2132 tom.
900 2075 931 2132 2.
946 2090 1025 2153 oper.
1039 2071 1070 2132 S.
1092 2073 1182 2150 Grep.

173 2157 324 2231 antiquam
343 2153 405 2229 jam
419 2156 507 2214 inisse
521 2156 599 2231 opud
618 2158 765 2216 Romanos
782 2156 936 2215 Pontifices
948 2156 1040 2214 libros
1052 2156 1182 2232 proscri-

173 2239 261 2298 bendi
272 2246 443 2315 potestatem
456 2281 464 2306 ,
479 2247 509 2297 et
520 2238 722 2316 disciplinam,
738 2241 784 2298 cni
800 2240 903 2317 parere
915 2240 1006 2299 etiam
1023 2239 1178 2297 orientalis

173 2322 306 2385 Ecclesiae
319 2318 513 2392 Patriarcbee,
528 2330 556 2381 et
573 2323 622 2381 alii
636 2325 825 2382 tenebantur.

211 2439 277 2498 Vll.
292 2436 366 2497 ilinc
380 2437 468 2495 etiam
485 2437 559 2496 iliud
571 2438 707 2508 eruitur,
725 2457 791 2509 cos,
804 2439 854 2515 qui
867 2437 1073 2497 baereticorum
1088 2437 1182 2497 libros

172 2519 384 2600 legissent,ch
402 2517 592 2595 habuissent,
616 2539 733 2599 semper
750 2528 902 2598 reputatos
918 2521 1006 2579 fuisse
1026 2519 1063 2578 de
1077 2518 1182 2578 baresi

172 2611 339 2682 suspectos,
353 2619 387 2660 ec
403 2611 436 2659 nt
452 2603 523 2662 tales
539 2597 639 2681 puniri
651 2605 788 2682 potuisse.
809 2603 881 2665 Vide
893 2600 1012 2662 Archid.
1023 2601 1179 2661 larinate.

172 2697 224 2751 eta.
239 2687 273 2746 in
285 2704 350 2765 cop.
363 2683 449 2758 Filii,
466 2683 501 2745 de
515 2685 615 2746 haeret.
626 2684 647 2746 i.
662 2690 692 2745 6.
704 2685 854 2746 Anartium
864 2688 897 2746 ia
908 2705 932 2746 c.
947 2687 1131 2765 Episcopus,
1143 2682 1182 2743 de

172 2770 274 2833 taceres.
289 2769 379 2847 trojus
394 2767 477 2846 stop.
504 2767 537 2826 in
549 2772 622 2837 Fac.
640 2769 725 2829 Fidei
741 2771 802 2849 Sip.
823 2772 891 2828 lbi.
904 2771 940 2828 Et
959 2768 1038 2844 qubd
1060 2767 1182 2826 tandem

173 2854 205 2912 in
226 2851 329 2933 primis
341 2851 475 2909 Ecclesiae
483 2853 596 2911 saeculis
612 2854 710 2911 omnia
724 2851 929 2913 haereticorum
944 2853 1054 2928 scripta
1067 2851 1182 2909 suerint
1216 2905 1229 2924 „

172 2935 234 3011 igni
256 2934 410 3001 damnato,
431 2949 467 2991 ex
489 2949 524 2992 eo
542 2935 650 2993 eruditi
673 2935 894 3002 demonstrent,
907 2932 987 3010 qubd
1008 2940 1113 2991 concta
1136 2934 1183 2992 sic

172 3016 331 3092 perierint,
347 3023 380 3072 ut
392 3014 525 3073 omnium
546 3016 633 3092 poenb
651 3016 853 3076 hereticorum
871 3035 908 3075 ne
922 3019 1041 3075 nomine
1056 3016 1183 3095 quidem

170 3095 259 3156 hodic
279 3095 478 3167 haberentur,
497 3099 553 3155 nisi
571 3100 691 3158 illoram
705 3101 838 3159 Ecclesiae
851 3101 950 3157 Patres
962 3100 1181 3159 meminissent.

174 3180 228 3241 Ubi
250 3187 319 3238 sunt
335 3180 416 3238 enim
430 3179 608 3262 Asianorum
630 3183 780 3243 innumeri
804 3182 872 3242 libri
887 3183 1038 3242 Orientem
1060 3183 1185 3258 replen-

171 3269 239 3327 tes?
258 3264 312 3323 Ubi
342 3263 427 3342 plura
459 3263 608 3324 volumine
634 3264 835 3345 Apollinaris,
859 3262 950 3342 Celsi,
968 3266 1125 3336 ‘Mauram
1152 3272 1184 3325 et

172 3347 401 3408 Gnosticorum?
414 3349 456 3407 De
475 3348 533 3407 illis
548 3349 684 3408 omnibus
697 3352 805 3409 lactum
826 3358 869 3407 est
882 3349 929 3418 id,
943 3349 1022 3426 qaod
1036 3349 1184 3408 dixerunt

170 3431 272 3491 Patres
296 3431 407 3492 concil.
434 3432 748 3510 Constantinopolitani
772 3434 810 3490 ll.
828 3449 895 3509 cop.
914 3433 942 3490 1.
965 3429 1185 3490 Hareticorum
1212 3430 1216 3433 ’

170 3512 289 3587 qaidme
312 3512 481 3591 cisrccrmtcs
502 3511 642 3595 linquas,
662 3521 692 3575 ct
710 3511 888 3594 impiissimo
914 3511 1079 3591 coraseripto
1094 3514 1188 3594 patri
