2642 4150
318 220 321 227 ·
403 176 484 237 Pers
499 173 635 236 uuanda.
651 177 749 254 Caput
762 176 807 235 11.
1067 177 1106 237 73
1156 131 1163 137 ¹
1195 223 1199 230 .

116 282 203 336 utram
217 278 376 336 extremum
389 283 528 353 partem,
545 284 596 334 aut
610 273 797 335 immoderati
816 271 941 352 rigoris,
954 282 1005 334 aut
1024 275 1105 337 dcte·

28 350 33 357 ’
114 359 216 420 stabilis
236 358 361 419 lenitatis
383 355 537 435 perperim
559 357 810 434 detorqueantur,
836 355 1004 436 opportuni
1023 376 1103 419 eom·

28 490 29 495 ,
114 443 221 503 munire
248 461 282 502 ae
307 440 447 502 roborare
472 459 528 517 pro
553 441 724 517 eompmdcm
751 440 862 501 tuendo
885 442 1011 519 vigore,
1035 440 1103 502 oiim

28 552 30 561 ν
114 526 214 586 occasio
229 526 412 603 poposcerit,
433 542 493 584 non
513 522 778 603 praetermitterem.
794 522 871 587 scat
883 522 951 584 edm
964 542 1019 584 nos
1034 523 1105 584 aliis

113 625 161 685 pcr
180 609 331 686 quamdam
355 617 485 668 nostram
506 610 769 681 constitutionem,
790 607 873 684 cujus
895 608 1015 668 initium
1036 619 1116 677 est‚·

28 700 41 747 ι’
112 692 321 754 Sacramentum
332 692 511 774 poenitentioe
519 738 529 770 ‚
550 711 628 752 anno
644 693 856 753 luminationis
868 691 1023 754 dominica
1035 694 1103 752 mil·

28 772 30 777 ’
112 773 207 836 lesimo
224 777 484 856 septingentesimo
501 776 722 853 quadragesimo
740 777 838 853 primo
855 776 920 835 Kal.
935 776 1015 836 lunii
1029 793 1103 856 pon·

112 858 228 919 tilicatirs
252 863 344 921 nostri
370 877 448 921 anno
474 860 724 937 primordium,
748 860 905 933 omnibus,
929 868 959 921 et
980 862 1103 939 singulis

28 962 30 977 ³
112 942 296 1005 sacerdotibus
309 953 372 1004 tam
388 944 594 1016 Saecularibus,
615 943 703 1021 quim
719 942 903 1021 regularibus
917 944 1104 1004 interdixeri-

43 1062 47 1086 ;
113 1043 192 1098 mus,
213 1036 243 1087 et
262 1028 522 1107 prohibuerimus,
549 1045 586 1086 ue
608 1024 719 1105 oliqacia
744 1045 865 1104 cucutia,
892 1035 978 1088 cartre
1002 1044 1104 1089 cusum

52 1118 59 1187 ζ
114 1115 240 1172 extreme
255 1111 456 1181 necessitatis,
476 1111 619 1172 nimirum
637 1109 672 1170 iu
689 1111 784 1188 ipsius
803 1107 1060 1183 conmucationis,
1076 1118 1104 1170 et

52 1210 58 1220 '
113 1191 248 1271 deficiente
272 1205 343 1256 turae
368 1213 548 1276 qaaecumque
574 1192 635 1255 ulio
660 1193 827 1266 sacerdote,
854 1197 907 1275 qui
932 1192 1106 1275 consessui-ii

113 1294 214 1338 aruceus
234 1279 311 1342 obire
332 1277 451 1358 possit,
474 1280 685 1339 consessionem
711 1278 949 1339 sacramentalem
972 1296 1105 1356 personat

114 1362 253 1439 complicis
269 1363 299 1423 in
322 1371 441 1439 peccato
463 1365 543 1441 turpi
565 1372 654 1439 atquc
674 1360 847 1428 inhonesto,
865 1369 967 1422 contra
989 1371 1105 1422 sextum

114 1446 242 1523 Dccalogi
254 1455 431 1523 preceptum
448 1447 606 1507 commisso
618 1489 626 1518 ,
640 1447 774 1521 excipere
790 1444 930 1519 audcrct3
947 1446 988 1504 ita
1008 1454 1042 1504 ut
1059 1446 1107 1504 ab·

113 1528 233 1598 solutio,
249 1529 273 1588 si
292 1547 379 1608 quam
400 1531 627 1608 impertivisset,
651 1531 751 1601 nulla,
773 1537 861 1605 atque
879 1528 964 1588 irrita
985 1528 1106 1590 omnini

113 1621 202 1681 essct,
222 1621 368 1691 tamquam
389 1615 539 1692 impertita
563 1613 766 1690 tsarerdue,
787 1614 837 1691 qui
852 1611 1057 1690 jurisdictione
1075 1619 1105 1672 et

103 1695 257 1767 'lucullum
278 1698 316 1758 ad
343 1698 440 1758 aalide
463 1699 673 1759 absolvendum
698 1699 872 1773 necessaria,
894 1697 950 1776 ipsi
975 1716 1029 1777 per
1051 1716 1104 1758 nos

110 1781 202 1858 vigore
220 1780 353 1859 ejusdem
376 1784 593 1843 constitutionis
617 1783 769 1860 adempti,
793 1785 924 1861 priuatus
949 1785 1102 1852 existeret,

28 1878 58 1917 r·
111 1873 137 1923 ct
156 1864 219 1926 aliis
241 1875 334 1944 prout
360 1867 393 1927 in
418 1874 579 1927 memorata
604 1868 833 1943 constitutione,
859 1867 941 1944 cujus
969 1876 1103 1928 tenorent

109 1949 289 2025 presentibus
307 1968 366 2028 pro
384 1951 471 2028 plene
490 1959 520 2010 et
537 1949 715 2012 sufficienter
733 1960 868 2028 expresso
885 1959 915 2010 et
934 1951 1044 2010 inserto
1057 1949 1105 2007 lra-

109 2031 166 2094 teri
185 2034 341 2105 volumus,
365 2034 484 2097 uberius
504 2035 614 2097 dicitur
634 2036 791 2097 contineri.
815 2033 889 2095 Ciam
909 2052 963 2095 nos
981 2033 1106 2094 subinde

108 2135 188 2196 super
206 2138 238 2180 ca
259 2121 350 2180 dictae
371 2122 586 2181 constitutionis
611 2131 714 2200 parte,
735 2139 800 2197 quae
823 2120 928 2179 mortis
948 2118 1106 2178 articulum

108 2204 235 2279 respicit,
257 2205 463 2266 dubitationes
484 2206 623 2283 quasdam
645 2216 760 2266 exortas
782 2205 870 2265 luisse
888 2204 1104 2282 acceperimus,

107 2304 223 2363 quarum
241 2288 457 2349 resolutionem
470 2290 584 2368 privato
598 2290 739 2368 cujasque
753 2287 863 2365 judicio
882 2288 1106 2367 relinquendam

107 2371 221 2433 minime
241 2373 465 2449 existimamus,
481 2392 519 2434 ne
537 2376 583 2436 lox
597 2376 718 2435 incertis
739 2373 930 2449 conjecturis,
949 2383 979 2433 et
992 2375 1107 2451 opinio·

106 2453 186 2517 nibus
196 2456 308 2534 jactata
325 2458 358 2517 in
370 2476 470 2519 sensus
488 2458 504 2519 a
524 2469 623 2519 mente
634 2470 732 2519 nostra
744 2459 853 2517 alienos
865 2458 986 2517 forsitan
1001 2459 1105 2545 distre:

28 2607 30 2610 Ι
106 2534 207 2613 iratur,
225 2541 354 2620 ejusque
372 2544 457 2618 vigor
478 2545 618 2623 paulatim
638 2544 796 2619 langueat,
817 2552 906 2617 atque
925 2548 1103 2600 enervetur:

106 2617 258 2698 inanest,
279 2624 362 2702 qudd
385 2644 438 2686 nos
458 2646 577 2689 omnem
598 2625 752 2686 dubitandi
776 2625 939 2693 rationem,
963 2620 1107 2700 quantiam

106 2724 168 2766 cum
187 2711 322 2771 Domino
346 2727 520 2788 possumus,
534 2711 571 2771 de
588 2709 687 2771 medio
707 2708 821 2767 auterre
842 2708 1009 2784 cupientes,
1025 2714 1106 2766 motu

105 2793 239 2869 proprio,
252 2812 291 2853 ac
303 2811 339 2851 ex
351 2803 427 2854 certa
440 2796 580 2868 scientia,
594 2803 623 2855 et
635 2803 750 2853 matura
761 2790 1105 2865 deliberationemque,

104 2872 194 2951 deque
215 2878 386 2955 apostolicae
406 2881 556 2957 potestatis
582 2878 765 2956 plenitudine
787 2886 978 2937 memoratam
999 2879 1107 2938 consti·

104 2958 247 3019 tutionem
271 2969 403 3021 nostram
417 2981 485 3022 eum
503 2964 660 3035 omnibus,
682 2971 713 3023 ct
734 2962 856 3041 singulis
870 2962 900 3021 in
917 2980 950 3022 ea
964 2964 1107 3023 contentis

105 3047 205 3101 tenore
216 3045 428 3120 praesentium,
442 3045 586 3124 quatenus
605 3065 679 3125 opus
697 3047 754 3119 sit,
768 3046 976 3106 confirmamus
989 3092 997 3119 ,
1011 3047 1107 3109 illam-

28 3139 30 3144 ·
105 3123 467 3205 queintegrd,peniti1s,
488 3137 519 3189 et
541 3129 686 3201 omnino,
710 3140 798 3210 atque
821 3131 857 3189 ob
878 3131 954 3200 illis,
973 3131 1010 3192 ad
1033 3150 1107 3210 quos

104 3218 233 3283 spectat,
254 3218 285 3267 ot
306 3229 361 3287 pro
383 3219 516 3290 tempore
537 3214 781 3293 quandocumque
804 3215 960 3292 spectabit,
984 3217 1107 3275 inviola-

28 3309 29 3312 ’
104 3288 221 3365 biliam,
241 3301 274 3352 et
294 3294 465 3357 inconcusse
484 3298 632 3358 observari
652 3301 856 3378 praecipimus,
873 3310 902 3359 et
923 3301 1107 3359 mandamus.

105 3373 252 3438 Pretereo
271 3376 373 3440 latita
394 3400 483 3460 super
503 3383 549 3443 his
562 3402 628 3443 cum
642 3387 801 3445 venerabili
811 3387 911 3445 Fratre
922 3394 1024 3444 nostro
1035 3383 1108 3439 Vin·

103 3462 201 3520 centio
221 3462 366 3544 Episcopo
382 3466 560 3530 Praenestino
577 3477 684 3529 sanctae
703 3471 842 3529 Romanae
861 3468 992 3527 Ecclesiae
1009 3464 1109 3522 Cardi-

105 3542 162 3601 mli
172 3545 265 3605 Petra
275 3557 463 3628 nuncupato,
475 3552 695 3613 Punitentiario
705 3561 805 3612 nostro
817 3549 925 3688 majorp
931 3590 940 3617 ,
950 3564 983 3605 ac
997 3545 1110 3606 dilectis
