2642 4150
441 189 519 251 Pers
539 189 674 253 meraclo.
690 189 789 271 Caput
800 190 848 252 ΙΙ.
1084 179 1129 250 tib

129 307 158 350 ac
174 287 279 369 rigoris
298 305 362 350 esse
376 295 405 349 et
421 288 506 360 iore,
531 293 701 369 neminique
714 291 835 351 cuilibet
852 303 1038 366 quocumque
1051 296 1122 346 tern-

129 392 195 452 pore
206 374 377 452 suffragari3
395 392 428 433 ae
442 373 602 450 quemlibet
621 377 755 435 omnium
775 371 1012 442 antedictorum,
1033 372 1122 432 etiam

128 459 238 535 speciali
254 459 405 518 mentione
417 457 591 534 dignorum,
611 460 796 536 quecumque
805 458 942 517 iacultate
954 452 1122 532 hujusmodi

129 544 184 601 siae
203 560 255 621 pro
273 560 325 614 se,
345 541 405 600 sive
426 542 556 619 proeliis
575 540 687 602 tcmcrd
704 541 940 614 utiendcntem,
962 540 1027 618 ipso
1047 539 1122 598 iacto

128 626 228 704 absque
247 627 307 686 ulta
325 626 382 685 elia
395 625 592 686 declaratione
612 644 712 704 poenas
723 635 754 686 ct
768 625 972 686 ecclesiasticas
985 637 1123 684 censuras

115 719 220 768 contra
240 711 385 770 violantes
406 710 569 769 clausuram
590 709 764 771 monialium
786 708 931 782 inflictus,
955 705 1122 784 aquibus,

128 803 314 871 praeterquam
350 793 366 853 d
400 792 486 852 nobis
512 802 542 852 et
570 810 625 870 pro
657 801 789 870 tempore
819 793 962 853 existente
987 791 1123 850 Romano

128 876 273 949 Pontifice,
290 877 347 937 nisi
371 879 402 937 in
422 877 526 935 mortis
545 877 688 947 articulo,
709 876 820 938 absolvi
834 876 947 954 possit,
968 874 1122 934 incurrere

118 970 155 1018 ‘ct
164 960 308 1019 incursum
331 977 413 1034 esse,
433 960 640 1037 licentiamque
664 958 833 1037 hujusmodi
849 976 1014 1019 concessam
1031 954 1123 1024 nullo

128 1044 211 1103 modo
227 1044 397 1123 suflragari,
415 1053 503 1122 atque
523 1045 632 1104 nullius
646 1045 788 1108 momenti
803 1044 948 1122 ,perinde
966 1061 1000 1102 ae
1021 1041 1045 1101 si
1062 1040 1119 1101 mi·

129 1124 205 1187 uitnd
222 1145 349 1188 concessa
370 1129 492 1199 suisset,
516 1128 666 1206 ipsolaeto
686 1128 748 1192 iore
760 1172 768 1198 ‚
782 1135 812 1196 ct
832 1126 954 1200 haberi,
969 1145 1002 1186 ae
1019 1138 1122 1203 poenas

129 1219 156 1269 et
181 1227 310 1271 censuras
334 1212 538 1272 ecclesiasticas
550 1212 614 1289 ipso
631 1211 720 1272 etiarn
739 1212 838 1285 sacto,
859 1218 894 1271 ut
910 1210 1119 1290 premittitur,

128 1311 178 1371 per
201 1294 453 1355 contrafacientem
481 1295 593 1355 incurri
623 1303 653 1354 et
684 1295 813 1354 incursas
847 1312 909 1356 esse
943 1295 1118 1363 statuimus,

128 1377 307 1437 decernimus
331 1396 364 1436 ae
384 1376 576 1438 declaramus.
602 1378 799 1437 Decerncntes
821 1377 942 1450 easdem⁴
964 1384 1120 1455 presentes

128 1460 256 1535 litteras,
280 1470 309 1520 et
329 1462 415 1521 ineis
438 1470 574 1522 contenta
595 1478 789 1539 quascumque
807 1462 894 1519 etiam
909 1478 944 1519 ex
967 1477 1023 1531 eo,
1040 1456 1122 1535 qudd

129 1543 302 1621 quicumque
318 1545 350 1605 in
366 1547 527 1622 premissas
539 1547 680 1604 interesse
692 1542 832 1604 hebentes
844 1588 853 1615 ,
864 1561 914 1603 seu
926 1542 1034 1603 habere
1047 1560 1120 1620 quo·

125 1626 279 1686 modolibct
294 1628 529 1705 praetendentes,
544 1627 673 1705 cujusvis
698 1627 789 1688 staltis
805 1672 814 1700 ‚
837 1627 964 1708 gradis,
987 1626 1118 1697 ordinis,

123 1711 346 1788 proeminentiac
368 1721 399 1771 et
414 1711 565 1791 dignitatis
581 1712 727 1784 existant,
742 1730 793 1773 seu
814 1713 870 1773 alit
884 1710 1017 1791 specifica
1030 1722 1060 1773 ct
1071 1712 1118 1773 in·

124 1793 238 1854 dividui
262 1795 413 1856 mentione
435 1805 464 1855 ct
483 1797 667 1875 expressione
686 1796 791 1875 digni,
813 1798 872 1858 illis
891 1813 952 1859 uon
964 1814 1117 1857 consense-

98 1954 101 1960 Δ
122 1875 198 1949 rint,
220 1896 272 1939 uec
293 1879 332 1939 ad
353 1896 386 1938 oa
409 1881 525 1950 vocati,
542 1880 620 1940 citati
638 1888 668 1940 et
680 1881 794 1953 auditi,
818 1898 984 1958 conseque,
996 1888 1118 1959 propter

123 1978 189 2036 quas
206 1973 364 2041 praesentes
388 1964 569 2035 emandrint,
582 1963 760 2027 sufficienter
777 1965 908 2024 adductae
920 2006 929 2030 ,
941 1964 1119 2036 verificatur,

122 2044 320 2122 ctjnstitieatee
346 2065 406 2109 non
425 2048 557 2119 suerint,
577 2054 629 2107 aut
642 2066 677 2108 ex
691 2047 747 2108 alia
767 2047 898 2126 qualibet
916 2046 1005 2111 etiam
1025 2063 1118 2124 quan·

120 2130 222 2190 temris
240 2130 370 2209 juridico
396 2141 426 2192 et
447 2131 629 2210 privilegiata
650 2151 755 2206 causa,
777 2133 899 2204 colore,
922 2138 1065 2210 praetextu
1087 2139 1118 2192 et

120 2214 225 2291 capite,
248 2217 341 2276 ctiam
354 2217 385 2275 in
399 2233 522 2292 corpore
537 2213 614 2292 juris
625 2217 723 2276 clauso
732 2261 742 2293 ,
762 2217 851 2277 etiem
867 2215 1015 2287 enormis,
1030 2233 1116 2276 enor-

120 2297 273 2372 missimae‚
297 2307 327 2359 et
354 2300 451 2358 totalis
477 2300 624 2375 laesionis,
653 2301 736 2361 nullo
759 2319 899 2379 umquam
925 2309 1059 2377 tempore
1079 2299 1117 2361 de

118 2380 336 2454 subreptionis,
363 2385 410 2444 vol
430 2383 629 2461 obreptionis,
642 2393 694 2443 aut
717 2385 859 2444 nuditatis
880 2384 977 2454 vitio,
1000 2393 1051 2443 aut
1071 2386 1129 2444 ins

116 2466 249 2525 tortionis
262 2474 396 2543 nostroe,
413 2468 459 2527 vel
470 2469 611 2528 interesse
630 2466 804 2526 habentium
823 2484 1001 2538 consensus,
1021 2467 1117 2527 aliove

117 2550 357 2626 quomodolibet,
379 2552 467 2611 ctiam
488 2551 691 2629 ¹quantumvis
710 2567 839 2626 magno,
863 2558 893 2609 et
916 2547 1116 2619 substantiali,

116 2647 147 2689 ac
176 2633 356 2710 incogitato,
384 2642 414 2695 ct
446 2633 663 2712 inexcogitabili
691 2632 934 2708 individuamque
956 2633 1118 2707 expressio·

114 2731 178 2775 nem
198 2718 373 2795 requirente
397 2717 510 2778 deiectu
531 2717 652 2789 notari,
686 2714 875 2792 impugnari,
903 2713 1050 2792 infringi,
1070 2731 1118 2774 re·

115 2802 250 2872 tractari,
282 2801 315 2860 in
335 2802 563 2862 controversiam
588 2800 710 2872 vocari,
733 2808 785 2859 aut
808 2799 845 2858 ad
868 2797 1013 2869 terminos
1040 2796 1118 2876 juris

112 2882 235 2954 reduci,
255 2886 308 2943 se‘n
334 2884 474 2945 adversius
495 2887 560 2945 illas
579 2884 751 2963 aperitionis
774 2884 854 2956 oris,
871 2883 1065 2944 restitutionis
1084 2885 1116 2946 in

112 2964 278 3042 integrum,
296 2967 414 3028 aliudve
433 2969 640 3046 quodcumque
656 2967 753 3045 juris,
777 2968 863 3039 sacti,
886 2966 935 3027 vel
952 2968 1054 3045 gratioe
1068 2987 1115 3030 re·

111 3047 241 3110 medium
262 3051 424 3125 intentari,
445 3052 492 3111 vel
509 3052 660 3130 impetrari
672 3061 743 3131 ,faut
763 3052 940 3130 impetrato,
960 3069 1012 3112 scu
1026 3053 1116 3114 etiam

111 3140 218 3204 motu,
240 3134 362 3194 scicntia
379 3142 409 3194 ct
428 3137 578 3213 potestatis
611 3136 798 3214 plenitudine
833 3136 953 3214 paribus
981 3155 1116 3199 concesso

110 3217 156 3276 tel
179 3226 318 3277 emanata
335 3221 504 3297 qnempiam
525 3219 557 3278 in
577 3219 709 3296 judicio,
728 3222 775 3281 vel
798 3230 879 3281 extra
892 3219 967 3281 illud
987 3224 1048 3295 uti,
1063 3239 1115 3281 seu

109 3316 139 3358 se
152 3298 261 3376 juvere
280 3302 342 3363 ullo
364 3304 453 3363 modo
475 3321 580 3382 posse3
596 3302 647 3364 sed
658 3305 734 3383 ipsas
744 3305 898 3383 praesentes
914 3307 1026 3366 litteras
1039 3320 1115 3363 sem·

108 3398 162 3458 per
185 3385 309 3457 firmas,
338 3387 450 3447 validos
474 3396 503 3448 ct
525 3387 652 3448 efficaces
678 3390 802 3449 existere
835 3396 864 3449 et
885 3390 962 3462 iore,
987 3399 1113 3458 suesque

109 3465 258 3540 plenarios
283 3478 313 3528 ct
333 3470 462 3548 integros
489 3470 610 3532 'effectus
638 3474 760 3540 sortiri,
795 3482 825 3534 et
845 3471 997 3540 obtinere,
1015 3482 1047 3522 ac
1076 3463 1113 3522 ab

108 3548 167 3609 illis
182 3551 241 3625 ,ad
260 3569 335 3632 quos
352 3564 484 3633 spectat,
507 3565 536 3617 et
555 3574 609 3636 pro
628 3566 761 3636 tempore
779 3556 1025 3633 quandocumque
1046 3563 1113 3621 spe«
