<?xml version="1.0" encoding="UTF-8"?>
<!DOCTYPE html PUBLIC "-//W3C//DTD XHTML 1.0 Transitional//EN"
    "http://www.w3.org/TR/xhtml1/DTD/xhtml1-transitional.dtd">
<html xmlns="http://www.w3.org/1999/xhtml" xml:lang="en" lang="en">
 <head>
  <title>
</title>
<meta http-equiv="Content-Type" content="text/html;charset=utf-8" />
  <meta name='ocr-system' content='tesseract 3.04.00' />
  <meta name='ocr-capabilities' content='ocr_page ocr_carea ocr_par ocr_line ocrx_word'/>
</head>
<body>
  <div class='ocr_page' id='page_1' title='image "./theologiamorali01heilgoog_0307.png"; bbox 0 0 2642 4150; ppageno 0'>
   <div class='ocr_carea' id='block_1_1' title="bbox 543 155 1160 238">
    <p class='ocr_par' dir='ltr' id='par_1_1' title="bbox 543 155 1160 238">
     <span class='ocr_line' id='line_1_1' title="bbox 543 155 1160 238; baseline 0 -21"><span class='ocrx_word' id='word_1_1' title='bbox 543 155 771 238; x_wconf 77' lang='grc'><strong>1666611666.</strong></span> <span class='ocrx_word' id='word_1_2' title='bbox 1099 164 1160 226; x_wconf 69' lang='grc'><strong>669</strong></span> 
     </span>
    </p>
   </div>
   <div class='ocr_carea' id='block_1_2' title="bbox 156 257 1245 1439">
    <p class='ocr_par' dir='ltr' id='par_1_2' title="bbox 156 257 1163 746">
     <span class='ocr_line' id='line_1_2' title="bbox 157 257 1160 340; baseline 0.001 -15"><span class='ocrx_word' id='word_1_3' title='bbox 157 262 235 340; x_wconf 83' lang='lat' dir='ltr'><strong>Quid</strong></span> <span class='ocrx_word' id='word_1_4' title='bbox 260 263 285 324; x_wconf 91' lang='lat' dir='ltr'><strong>si</strong></span> <span class='ocrx_word' id='word_1_5' title='bbox 303 262 400 324; x_wconf 87' lang='lat' dir='ltr'>laicus</span> <span class='ocrx_word' id='word_1_6' title='bbox 423 257 596 321; x_wconf 75' lang='lat' dir='ltr'>recordetur</span> <span class='ocrx_word' id='word_1_7' title='bbox 615 258 790 320; x_wconf 82' lang='lat' dir='ltr'>inseamna</span> <span class='ocrx_word' id='word_1_8' title='bbox 810 260 1160 326; x_wconf 77' lang='lat' dir='ltr'>communicantiamtn.</span> 
     </span>
     <span class='ocr_line' id='line_1_3' title="bbox 158 341 1163 422; baseline -0.002 -12"><span class='ocrx_word' id='word_1_9' title='bbox 158 350 226 412; x_wconf 82' lang='grc'><strong>665.</strong></span> <span class='ocrx_word' id='word_1_10' title='bbox 240 344 366 422; x_wconf 80' lang='lat' dir='ltr'>Quando</span> <span class='ocrx_word' id='word_1_11' title='bbox 379 350 531 405; x_wconf 74' lang='lat' dir='ltr'>censeatur</span> <span class='ocrx_word' id='word_1_12' title='bbox 545 341 650 402; x_wconf 81' lang='grc'><strong>666666</strong></span> <span class='ocrx_word' id='word_1_13' title='bbox 661 344 744 420; x_wconf 91' lang='lat' dir='ltr'>cupia</span> <span class='ocrx_word' id='word_1_14' title='bbox 757 343 947 406; x_wconf 81' lang='lat' dir='ltr'>confessarii?</span> <span class='ocrx_word' id='word_1_15' title='bbox 958 362 990 405; x_wconf 90' lang='lat' dir='ltr'>n.</span> <span class='ocrx_word' id='word_1_16' title='bbox 1005 347 1073 406; x_wconf 83' lang='lat'><strong>266.</strong></span> <span class='ocrx_word' id='word_1_17' title='bbox 1085 348 1163 421; x_wconf 89' lang='lat' dir='ltr'>Quid</span> 
     </span>
     <span class='ocr_line' id='line_1_4' title="bbox 156 426 1162 511; baseline -0.005 -16"><span class='ocrx_word' id='word_1_18' title='bbox 156 435 181 495; x_wconf 91' lang='lat' dir='ltr'><strong>si</strong></span> <span class='ocrx_word' id='word_1_19' title='bbox 193 430 550 511; x_wconf 84' lang='lat' dir='ltr'>qaislrabeatpeccatutn</span> <span class='ocrx_word' id='word_1_20' title='bbox 562 426 611 485; x_wconf 84' lang='lat' dir='ltr'><strong>vel</strong></span> <span class='ocrx_word' id='word_1_21' title='bbox 621 428 953 490; x_wconf 79' lang='lat' dir='ltr'>excommunicationem</span> <span class='ocrx_word' id='word_1_22' title='bbox 964 437 1162 491; x_wconf 75' lang='lat' dir='ltr'>reservatam?</span> 
     </span>
     <span class='ocr_line' id='line_1_5' title="bbox 160 453 1162 590; baseline -0.004 -12"><span class='ocrx_word' id='word_1_23' title='bbox 160 536 193 578; x_wconf 85' lang='lat' dir='ltr'>n.</span> <span class='ocrx_word' id='word_1_24' title='bbox 193 453 276 577; x_wconf 68' lang='lat' dir='ltr'><strong>q265.</strong></span> <span class='ocrx_word' id='word_1_25' title='bbox 288 507 442 587; x_wconf 80' lang='lat' dir='ltr'>Quomodo</span> <span class='ocrx_word' id='word_1_26' title='bbox 455 510 679 588; x_wconf 77' lang='lat' dir='ltr'>intelligendum</span> <span class='ocrx_word' id='word_1_27' title='bbox 693 519 872 590; x_wconf 79' lang='lat' dir='ltr'>preceptum</span> <span class='ocrx_word' id='word_1_28' title='bbox 884 512 1043 573; x_wconf 88' lang='lat' dir='ltr'>confitendi</span> <span class='ocrx_word' id='word_1_29' title='bbox 1057 533 1162 590; x_wconf 83' lang='lat' dir='ltr'>quam-</span> 
     </span>
     <span class='ocr_line' id='line_1_6' title="bbox 158 592 1162 680; baseline -0.005 -19"><span class='ocrx_word' id='word_1_30' title='bbox 158 598 366 680; x_wconf 80' lang='lat' dir='ltr'>primtimln.</span> <span class='ocrx_word' id='word_1_31' title='bbox 381 598 450 657; x_wconf 90' lang='grc'><strong>666.</strong></span> <span class='ocrx_word' id='word_1_32' title='bbox 465 592 1162 676; x_wconf 66' lang='grc'><strong>66661616666666661666116666166666</strong></span> 
     </span>
     <span class='ocr_line' id='line_1_7' title="bbox 158 687 270 746; baseline 0.01 -1"><span class='ocrx_word' id='word_1_33' title='bbox 158 704 190 745; x_wconf 87' lang='grc'><strong>66.</strong></span> <span class='ocrx_word' id='word_1_34' title='bbox 201 687 270 746; x_wconf 83' lang='grc'><strong>668.</strong></span> 
     </span>
    </p>

    <p class='ocr_par' dir='ltr' id='par_1_3' title="bbox 197 763 1160 846">
     <span class='ocr_line' id='line_1_8' title="bbox 197 763 1160 846; baseline -0.002 -17"><span class='ocrx_word' id='word_1_35' title='bbox 197 767 344 830; x_wconf 82' lang='lat' dir='ltr'>Confessio</span> <span class='ocrx_word' id='word_1_36' title='bbox 361 784 399 826; x_wconf 91' lang='lat' dir='ltr'><strong>an</strong></span> <span class='ocrx_word' id='word_1_37' title='bbox 423 764 528 825; x_wconf 89' lang='lat' dir='ltr'>debeat</span> <span class='ocrx_word' id='word_1_38' title='bbox 546 780 610 823; x_wconf 87' lang='lat' dir='ltr'>esse</span> <span class='ocrx_word' id='word_1_39' title='bbox 634 764 826 826; x_wconf 76' lang='lat' dir='ltr'>materialiter</span> <span class='ocrx_word' id='word_1_40' title='bbox 849 766 976 846; x_wconf 76' lang='lat' dir='ltr'>integra.</span> <span class='ocrx_word' id='word_1_41' title='bbox 1001 763 1114 829; x_wconf 74' lang='lat' dir='ltr'>vitet</span> <span class='ocrx_word' id='word_1_42' title='bbox 1129 769 1160 827; x_wconf 88' lang='grc'><strong>6.</strong></span> 
     </span>
    </p>

    <p class='ocr_par' dir='ltr' id='par_1_4' title="bbox 158 845 1245 1439">
     <span class='ocr_line' id='line_1_9' title="bbox 158 845 1165 926; baseline -0.003 -12.82"><span class='ocrx_word' id='word_1_43' title='bbox 158 855 284 916; x_wconf 84' lang='grc'><strong>,6.66</strong></span> <span class='ocrx_word' id='word_1_44' title='bbox 307 854 351 912; x_wconf 85' lang='grc'><strong>116</strong></span> <span class='ocrx_word' id='word_1_45' title='bbox 365 866 491 912; x_wconf 86' lang='lat' dir='ltr'>numero</span> <span class='ocrx_word' id='word_1_46' title='bbox 514 858 711 926; x_wconf 89' lang='lat' dir='ltr'>pcccatorum</span> <span class='ocrx_word' id='word_1_47' title='bbox 734 845 755 909; x_wconf 84' lang='lat' dir='ltr'><strong>l.</strong></span> <span class='ocrx_word' id='word_1_48' title='bbox 780 852 809 911; x_wconf 88' lang='lat'><strong>6.</strong></span> <span class='ocrx_word' id='word_1_49' title='bbox 831 870 864 911; x_wconf 88' lang='lat' dir='ltr'>n</span> <span class='ocrx_word' id='word_1_50' title='bbox 879 853 949 912; x_wconf 87' lang='grc'><strong>166,</strong></span> <span class='ocrx_word' id='word_1_51' title='bbox 974 853 1018 912; x_wconf 91' lang='lat' dir='ltr'><strong>De</strong></span> <span class='ocrx_word' id='word_1_52' title='bbox 1036 851 1165 916; x_wconf 71' lang='lat' dir='ltr'>circum</span> 
     </span>
     <span class='ocr_line' id='line_1_10' title="bbox 159 931 1245 1012; baseline 0.001 -14"><span class='ocrx_word' id='word_1_53' title='bbox 159 931 1158 1012; x_wconf 74' lang='grc'><strong>6166111666666.667.66170,116666661166616116.66666.676.</strong></span> <span class='ocrx_word' id='word_1_54' title='bbox 1243 981 1245 990; x_wconf 70' lang='lat'><em>,</em></span> 
     </span>
     <span class='ocr_line' id='line_1_11' title="bbox 160 1020 1160 1101; baseline 0.002 -17"><span class='ocrx_word' id='word_1_55' title='bbox 160 1022 202 1083; x_wconf 85' lang='grc'><strong>66</strong></span> <span class='ocrx_word' id='word_1_56' title='bbox 234 1026 302 1084; x_wconf 86' lang='grc'><strong>678,</strong></span> <span class='ocrx_word' id='word_1_57' title='bbox 335 1022 457 1096; x_wconf 83' lang='lat' dir='ltr'>Quando</span> <span class='ocrx_word' id='word_1_58' title='bbox 492 1020 617 1080; x_wconf 84' lang='lat' dir='ltr'>sufficiat</span> <span class='ocrx_word' id='word_1_59' title='bbox 655 1022 795 1082; x_wconf 89' lang='lat' dir='ltr'>confessio</span> <span class='ocrx_word' id='word_1_60' title='bbox 838 1024 1002 1085; x_wconf 84' lang='lat' dir='ltr'>formaliter</span> <span class='ocrx_word' id='word_1_61' title='bbox 1033 1027 1160 1101; x_wconf 73' lang='grc'><strong>16166666.</strong></span> 
     </span>
     <span class='ocr_line' id='line_1_12' title="bbox 159 1106 1162 1187; baseline 0.001 -17"><span class='ocrx_word' id='word_1_62' title='bbox 159 1128 246 1180; x_wconf 72' lang='lat' dir='ltr'>minc.</span> <span class='ocrx_word' id='word_1_63' title='bbox 262 1109 389 1187; x_wconf 72' lang='grc'><strong>6711116</strong></span> <span class='ocrx_word' id='word_1_64' title='bbox 411 1106 592 1167; x_wconf 88' lang='lat' dir='ltr'>confessione</span> <span class='ocrx_word' id='word_1_65' title='bbox 614 1106 796 1166; x_wconf 81' lang='lat' dir='ltr'>moribundi.</span> <span class='ocrx_word' id='word_1_66' title='bbox 820 1127 903 1169; x_wconf 84' lang='lat' dir='ltr'>num.</span> <span class='ocrx_word' id='word_1_67' title='bbox 928 1111 997 1171; x_wconf 87' lang='grc'><strong>180,</strong></span> <span class='ocrx_word' id='word_1_68' title='bbox 1014 1109 1162 1171; x_wconf 75' lang='lat' dir='ltr'>Confessio</span> 
     </span>
     <span class='ocr_line' id='line_1_13' title="bbox 160 1192 1161 1263; baseline 0.004 -9"><span class='ocrx_word' id='word_1_69' title='bbox 160 1193 248 1254; x_wconf 82' lang='lat' dir='ltr'>debet</span> <span class='ocrx_word' id='word_1_70' title='bbox 269 1210 330 1253; x_wconf 90' lang='lat' dir='ltr'>esse</span> <span class='ocrx_word' id='word_1_71' title='bbox 351 1192 478 1263; x_wconf 87' lang='lat' dir='ltr'>vocalis,</span> <span class='ocrx_word' id='word_1_72' title='bbox 495 1199 626 1261; x_wconf 88' lang='lat' dir='ltr'>secreta,</span> <span class='ocrx_word' id='word_1_73' title='bbox 646 1195 676 1248; x_wconf 88' lang='lat' dir='ltr'><strong>et</strong></span> <span class='ocrx_word' id='word_1_74' title='bbox 695 1197 775 1249; x_wconf 79' lang='lat' dir='ltr'>vera.</span> <span class='ocrx_word' id='word_1_75' title='bbox 799 1209 883 1251; x_wconf 85' lang='lat' dir='ltr'>num.</span> <span class='ocrx_word' id='word_1_76' title='bbox 903 1194 971 1254; x_wconf 76' lang='grc'><strong>605.</strong></span> <span class='ocrx_word' id='word_1_77' title='bbox 989 1194 1161 1258; x_wconf 82' lang='lat' dir='ltr'>inerticula</span> 
     </span>
     <span class='ocr_line' id='line_1_14' title="bbox 158 1275 1217 1353; baseline 0.003 -14"><span class='ocrx_word' id='word_1_78' title='bbox 158 1279 264 1339; x_wconf 85' lang='lat' dir='ltr'>mortis</span> <span class='ocrx_word' id='word_1_79' title='bbox 276 1295 313 1339; x_wconf 91' lang='lat' dir='ltr'><strong>an</strong></span> <span class='ocrx_word' id='word_1_80' title='bbox 328 1277 457 1338; x_wconf 91' lang='lat' dir='ltr'>facienda</span> <span class='ocrx_word' id='word_1_81' title='bbox 472 1275 589 1353; x_wconf 92' lang='lat' dir='ltr'>publiea</span> <span class='ocrx_word' id='word_1_82' title='bbox 602 1275 763 1338; x_wconf 77' lang='lat' dir='ltr'>confessio?</span> <span class='ocrx_word' id='word_1_83' title='bbox 775 1296 805 1338; x_wconf 83' lang='lat' dir='ltr'>n.</span> <span class='ocrx_word' id='word_1_84' title='bbox 820 1277 889 1337; x_wconf 67' lang='lat' dir='ltr'>tit.</span> <span class='ocrx_word' id='word_1_85' title='bbox 903 1279 959 1352; x_wconf 89' lang='lat' dir='ltr'>Qui</span> <span class='ocrx_word' id='word_1_86' title='bbox 973 1281 1115 1341; x_wconf 88' lang='lat' dir='ltr'>mentitur</span> <span class='ocrx_word' id='word_1_87' title='bbox 1130 1280 1162 1340; x_wconf 90' lang='lat' dir='ltr'>iu</span> <span class='ocrx_word' id='word_1_88' title='bbox 1199 1314 1201 1342; x_wconf 66' lang='lat'><em>2</em></span> <span class='ocrx_word' id='word_1_89' title='bbox 1215 1309 1217 1312; x_wconf 57' lang='grc'>’</span> 
     </span>
     <span class='ocr_line' id='line_1_15' title="bbox 159 1358 1160 1439; baseline 0.001 -17"><span class='ocrx_word' id='word_1_90' title='bbox 159 1361 355 1435; x_wconf 83' lang='lat' dir='ltr'>confessione,</span> <span class='ocrx_word' id='word_1_91' title='bbox 367 1378 474 1439; x_wconf 86' lang='lat' dir='ltr'>nempe</span> <span class='ocrx_word' id='word_1_92' title='bbox 489 1360 513 1420; x_wconf 89' lang='lat' dir='ltr'><strong>si</strong></span> <span class='ocrx_word' id='word_1_93' title='bbox 533 1370 621 1438; x_wconf 80' lang='lat' dir='ltr'>neget</span> <span class='ocrx_word' id='word_1_94' title='bbox 638 1358 816 1434; x_wconf 78' lang='lat' dir='ltr'>veniale&#39;aut</span> <span class='ocrx_word' id='word_1_95' title='bbox 841 1362 966 1421; x_wconf 87' lang='lat' dir='ltr'>mortale</span> <span class='ocrx_word' id='word_1_96' title='bbox 977 1364 1137 1426; x_wconf 90' lang='lat' dir='ltr'>confessum</span> <span class='ocrx_word' id='word_1_97' title='bbox 1151 1407 1160 1434; x_wconf 91' lang='lat'>‚</span> 
     </span>
    </p>
   </div>
   <div class='ocr_carea' id='block_1_3' title="bbox 160 1445 1257 1518">
    <p class='ocr_par' dir='ltr' id='par_1_5' title="bbox 160 1445 1257 1518">
     <span class='ocr_line' id='line_1_16' title="bbox 160 1445 1257 1518; baseline -0.003 -9"><span class='ocrx_word' id='word_1_98' title='bbox 160 1457 262 1509; x_wconf 79' lang='grc'><strong>61666.</strong></span> <span class='ocrx_word' id='word_1_99' title='bbox 281 1450 350 1509; x_wconf 78' lang='lat' dir='ltr'>tue.</span> <span class='ocrx_word' id='word_1_100' title='bbox 367 1448 396 1507; x_wconf 88' lang='lat' dir='ltr'>Si</span> <span class='ocrx_word' id='word_1_101' title='bbox 412 1456 441 1507; x_wconf 90' lang='lat' dir='ltr'><strong>te</strong></span> <span class='ocrx_word' id='word_1_102' title='bbox 452 1463 567 1507; x_wconf 86' lang='lat' dir='ltr'><strong>accusas</strong></span> <span class='ocrx_word' id='word_1_103' title='bbox 590 1445 628 1506; x_wconf 90' lang='grc'><strong>66</strong></span> <span class='ocrx_word' id='word_1_104' title='bbox 646 1446 764 1508; x_wconf 90' lang='lat' dir='ltr'>mortali</span> <span class='ocrx_word' id='word_1_105' title='bbox 785 1463 846 1506; x_wconf 90' lang='lat' dir='ltr'><strong>non</strong></span> <span class='ocrx_word' id='word_1_106' title='bbox 862 1447 947 1507; x_wconf 87' lang='lat' dir='ltr'>facto.</span> <span class='ocrx_word' id='word_1_107' title='bbox 962 1465 994 1506; x_wconf 88' lang='lat' dir='ltr'>n.</span> <span class='ocrx_word' id='word_1_108' title='bbox 1005 1448 1074 1506; x_wconf 83' lang='grc'><strong>697.</strong></span> <span class='ocrx_word' id='word_1_109' title='bbox 1086 1466 1115 1507; x_wconf 87' lang='grc'><strong>6.</strong></span> <span class='ocrx_word' id='word_1_110' title='bbox 1130 1448 1164 1507; x_wconf 85' lang='lat' dir='ltr'>Si</span> <span class='ocrx_word' id='word_1_111' title='bbox 1235 1495 1257 1518; x_wconf 73' lang='grc'><strong>.,</strong></span> 
     </span>
    </p>
   </div>
   <div class='ocr_carea' id='block_1_4' title="bbox 159 1529 1165 2287">
    <p class='ocr_par' dir='ltr' id='par_1_6' title="bbox 159 1529 1165 2271">
     <span class='ocr_line' id='line_1_17' title="bbox 161 1529 1161 1613; baseline -0.002 -22"><span class='ocrx_word' id='word_1_112' title='bbox 161 1530 242 1613; x_wconf 79' lang='lat' dir='ltr'>pacis.</span> <span class='ocrx_word' id='word_1_113' title='bbox 253 1530 400 1593; x_wconf 88' lang='lat' dir='ltr'>Confessio</span> <span class='ocrx_word' id='word_1_114' title='bbox 419 1533 492 1591; x_wconf 89' lang='lat' dir='ltr'>faeta</span> <span class='ocrx_word' id='word_1_115' title='bbox 512 1529 685 1591; x_wconf 80' lang='lat' dir='ltr'><strong>confessario</strong></span> <span class='ocrx_word' id='word_1_116' title='bbox 705 1532 968 1592; x_wconf 84' lang='lat' dir='ltr'>excommunicato.</span> <span class='ocrx_word' id='word_1_117' title='bbox 988 1550 1072 1592; x_wconf 85' lang='grc'><strong>66666.</strong></span> <span class='ocrx_word' id='word_1_118' title='bbox 1092 1532 1161 1592; x_wconf 84' lang='grc'><strong>698.</strong></span> 
     </span>
     <span class='ocr_line' id='line_1_18' title="bbox 161 1616 1160 1696; baseline 0.002 -22"><span class='ocrx_word' id='word_1_119' title='bbox 161 1618 335 1691; x_wconf 81' lang='grc'><strong>66166666,-</strong></span> <span class='ocrx_word' id='word_1_120' title='bbox 355 1617 473 1679; x_wconf 91' lang='lat' dir='ltr'>indocto</span> <span class='ocrx_word' id='word_1_121' title='bbox 486 1624 537 1676; x_wconf 84' lang='lat' dir='ltr'>aut</span> <span class='ocrx_word' id='word_1_122' title='bbox 561 1633 623 1675; x_wconf 92' lang='lat' dir='ltr'><strong>non</strong></span> <span class='ocrx_word' id='word_1_123' title='bbox 651 1616 783 1676; x_wconf 89' lang='lat' dir='ltr'>audienti</span> <span class='ocrx_word' id='word_1_124' title='bbox 808 1618 927 1695; x_wconf 87' lang='lat' dir='ltr'>aliquod</span> <span class='ocrx_word' id='word_1_125' title='bbox 946 1626 1106 1696; x_wconf 88' lang='lat' dir='ltr'>peceatum.</span> <span class='ocrx_word' id='word_1_126' title='bbox 1128 1636 1160 1677; x_wconf 87' lang='lat' dir='ltr'>n.</span> 
     </span>
     <span class='ocr_line' id='line_1_19' title="bbox 160 1701 1165 1781; baseline -0.001 -17"><span class='ocrx_word' id='word_1_127' title='bbox 160 1702 229 1764; x_wconf 81' lang='grc'><strong>109.</strong></span> <span class='ocrx_word' id='word_1_128' title='bbox 240 1704 271 1763; x_wconf 91' lang='lat' dir='ltr'>Si</span> <span class='ocrx_word' id='word_1_129' title='bbox 282 1703 432 1781; x_wconf 73' lang='lat' dir='ltr'>poenitens</span> <span class='ocrx_word' id='word_1_130' title='bbox 452 1702 541 1761; x_wconf 88' lang='lat' dir='ltr'>fuerit</span> <span class='ocrx_word' id='word_1_131' title='bbox 553 1702 831 1762; x_wconf 78' lang='lat' dir='ltr'>excommunicatus.</span> <span class='ocrx_word' id='word_1_132' title='bbox 846 1721 879 1762; x_wconf 91' lang='lat' dir='ltr'>n.</span> <span class='ocrx_word' id='word_1_133' title='bbox 900 1706 966 1763; x_wconf 81' lang='lat' dir='ltr'>llQl.</span> <span class='ocrx_word' id='word_1_134' title='bbox 982 1705 1011 1762; x_wconf 91' lang='lat' dir='ltr'>Si</span> <span class='ocrx_word' id='word_1_135' title='bbox 1025 1701 1165 1763; x_wconf 79' lang='grc'><strong>6666166-1</strong></span> 
     </span>
     <span class='ocr_line' id='line_1_20' title="bbox 160 1785 1163 1865; baseline 0.001 -18"><span class='ocrx_word' id='word_1_136' title='bbox 160 1796 211 1847; x_wconf 89' lang='lat' dir='ltr'><strong>tur</strong></span> <span class='ocrx_word' id='word_1_137' title='bbox 224 1785 368 1865; x_wconf 87' lang='lat' dir='ltr'>complici.</span> <span class='ocrx_word' id='word_1_138' title='bbox 382 1786 422 1848; x_wconf 87' lang='grc'><strong>16.</strong></span> <span class='ocrx_word' id='word_1_139' title='bbox 439 1805 471 1847; x_wconf 88' lang='lat' dir='ltr'>n.</span> <span class='ocrx_word' id='word_1_140' title='bbox 494 1786 561 1845; x_wconf 77' lang='lat'>555.</span> <span class='ocrx_word' id='word_1_141' title='bbox 582 1786 705 1857; x_wconf 84' lang='lat' dir='ltr'>Quando</span> <span class='ocrx_word' id='word_1_142' title='bbox 725 1795 754 1846; x_wconf 92' lang='lat' dir='ltr'><strong>et</strong></span> <span class='ocrx_word' id='word_1_143' title='bbox 773 1787 923 1863; x_wconf 89' lang='lat' dir='ltr'>quomodo</span> <span class='ocrx_word' id='word_1_144' title='bbox 943 1788 1075 1848; x_wconf 86' lang='lat' dir='ltr'>iteranda</span> <span class='ocrx_word' id='word_1_145' title='bbox 1093 1806 1163 1848; x_wconf 92' lang='lat' dir='ltr'><strong>con</strong></span> 
     </span>
     <span class='ocr_line' id='line_1_21' title="bbox 160 1871 1162 1950; baseline 0.001 -20"><span class='ocrx_word' id='word_1_146' title='bbox 160 1871 247 1931; x_wconf 89' lang='lat' dir='ltr'>fessio</span> <span class='ocrx_word' id='word_1_147' title='bbox 267 1871 344 1950; x_wconf 89' lang='lat' dir='ltr'>apud</span> <span class='ocrx_word' id='word_1_148' title='bbox 364 1872 525 1931; x_wconf 82' lang='grc'><strong>6666666661</strong></span> <span class='ocrx_word' id='word_1_149' title='bbox 545 1888 578 1929; x_wconf 89' lang='lat' dir='ltr'>n.</span> <span class='ocrx_word' id='word_1_150' title='bbox 599 1872 667 1930; x_wconf 81' lang='grc'><strong>606.</strong></span> <span class='ocrx_word' id='word_1_151' title='bbox 685 1877 714 1929; x_wconf 92' lang='grc'><strong>61</strong></span> <span class='ocrx_word' id='word_1_152' title='bbox 738 1872 806 1931; x_wconf 79' lang='grc'><strong>605.</strong></span> <span class='ocrx_word' id='word_1_153' title='bbox 827 1874 870 1931; x_wconf 89' lang='lat' dir='ltr'><strong>De</strong></span> <span class='ocrx_word' id='word_1_154' title='bbox 887 1872 1003 1931; x_wconf 83' lang='lat' dir='ltr'>rusticis</span> <span class='ocrx_word' id='word_1_155' title='bbox 1027 1873 1078 1949; x_wconf 86' lang='lat' dir='ltr'>qui</span> <span class='ocrx_word' id='word_1_156' title='bbox 1102 1889 1162 1931; x_wconf 90' lang='lat' dir='ltr'><strong>non</strong></span> 
     </span>
     <span class='ocr_line' id='line_1_22' title="bbox 159 1955 1162 2035; baseline -0.004 -16"><span class='ocrx_word' id='word_1_157' title='bbox 159 1956 342 2035; x_wconf 74' lang='lat' dir='ltr'>explicarunt</span> <span class='ocrx_word' id='word_1_158' title='bbox 359 1955 467 2034; x_wconf 86' lang='lat' dir='ltr'>species</span> <span class='ocrx_word' id='word_1_159' title='bbox 486 1973 540 2014; x_wconf 91' lang='lat' dir='ltr'><strong>nec</strong></span> <span class='ocrx_word' id='word_1_160' title='bbox 566 1972 734 2014; x_wconf 87' lang='lat' dir='ltr'>numerum.</span> <span class='ocrx_word' id='word_1_161' title='bbox 748 1973 792 2014; x_wconf 88' lang='lat' dir='ltr'>-.n</span> <span class='ocrx_word' id='word_1_162' title='bbox 816 1956 883 2015; x_wconf 81' lang='grc'><strong>606.</strong></span> <span class='ocrx_word' id='word_1_163' title='bbox 902 1956 969 2016; x_wconf 90' lang='lat' dir='ltr'>Non</span> <span class='ocrx_word' id='word_1_164' title='bbox 985 1956 1094 2014; x_wconf 85' lang='lat' dir='ltr'>teneris</span> <span class='ocrx_word' id='word_1_165' title='bbox 1113 1973 1162 2015; x_wconf 87' lang='lat' dir='ltr'><strong>re·</strong></span> 
     </span>
     <span class='ocr_line' id='line_1_23' title="bbox 160 2039 1163 2121; baseline -0.001 -19"><span class='ocrx_word' id='word_1_166' title='bbox 160 2052 260 2121; x_wconf 87' lang='lat' dir='ltr'>petere</span> <span class='ocrx_word' id='word_1_167' title='bbox 280 2041 493 2112; x_wconf 87' lang='lat' dir='ltr'>confessiones,</span> <span class='ocrx_word' id='word_1_168' title='bbox 517 2039 571 2099; x_wconf 92' lang='lat' dir='ltr'>nisi</span> <span class='ocrx_word' id='word_1_169' title='bbox 593 2047 704 2101; x_wconf 84' lang='lat' dir='ltr'>constet</span> <span class='ocrx_word' id='word_1_170' title='bbox 725 2039 763 2100; x_wconf 90' lang='lat' dir='ltr'><strong>de</strong></span> <span class='ocrx_word' id='word_1_171' title='bbox 782 2040 927 2100; x_wconf 90' lang='lat' dir='ltr'>nullitate.</span> <span class='ocrx_word' id='word_1_172' title='bbox 951 2058 983 2100; x_wconf 86' lang='grc'><strong>6.</strong></span> <span class='ocrx_word' id='word_1_173' title='bbox 997 2041 1065 2102; x_wconf 79' lang='grc'><strong>606,</strong></span> <span class='ocrx_word' id='word_1_174' title='bbox 1087 2041 1163 2101; x_wconf 84' lang='lat' dir='ltr'>Con-</span> 
     </span>
     <span class='ocr_line' id='line_1_24' title="bbox 159 2123 1163 2205; baseline 0 -19"><span class='ocrx_word' id='word_1_175' title='bbox 159 2127 245 2186; x_wconf 88' lang='lat' dir='ltr'>fessio</span> <span class='ocrx_word' id='word_1_176' title='bbox 263 2144 318 2205; x_wconf 91' lang='lat' dir='ltr'>pra</span> <span class='ocrx_word' id='word_1_177' title='bbox 338 2124 480 2185; x_wconf 91' lang='lat' dir='ltr'>lucrando</span> <span class='ocrx_word' id='word_1_178' title='bbox 494 2123 624 2201; x_wconf 75' lang='lat' dir='ltr'>jubilato.</span> <span class='ocrx_word' id='word_1_179' title='bbox 643 2145 676 2186; x_wconf 87' lang='grc'><strong>6</strong></span> <span class='ocrx_word' id='word_1_180' title='bbox 690 2127 757 2187; x_wconf 76' lang='lat' dir='ltr'>tau.</span> <span class='ocrx_word' id='word_1_181' title='bbox 774 2126 819 2184; x_wconf 81' lang='lat' dir='ltr'>An</span> <span class='ocrx_word' id='word_1_182' title='bbox 841 2126 984 2186; x_wconf 89' lang='lat' dir='ltr'>confessio</span> <span class='ocrx_word' id='word_1_183' title='bbox 1010 2127 1099 2203; x_wconf 91' lang='lat' dir='ltr'>possit</span> <span class='ocrx_word' id='word_1_184' title='bbox 1117 2125 1163 2186; x_wconf 89' lang='lat' dir='ltr'>di·</span> 
     </span>
     <span class='ocr_line' id='line_1_25' title="bbox 159 2204 1162 2287; baseline -0.001 -16"><span class='ocrx_word' id='word_1_185' title='bbox 159 2204 536 2284; x_wconf 79' lang='grc'><strong>66161661,61666666611</strong></span> <span class='ocrx_word' id='word_1_186' title='bbox 569 2219 740 2287; x_wconf 86' lang='lat' dir='ltr'>reservata</span> <span class='ocrx_word' id='word_1_187' title='bbox 768 2214 854 2286; x_wconf 82' lang='grc'><strong>6167</strong></span> <span class='ocrx_word' id='word_1_188' title='bbox 885 2229 969 2271; x_wconf 81' lang='grc'><strong>6666666.</strong></span> <span class='ocrx_word' id='word_1_189' title='bbox 993 2212 1060 2271; x_wconf 79' lang='grc'><strong>696.</strong></span> <span class='ocrx_word' id='word_1_190' title='bbox 1084 2211 1162 2270; x_wconf 85' lang='lat' dir='ltr'>Prae-</span> 
     </span>
    </p>
   </div>
   <div class='ocr_carea' id='block_1_5' title="bbox 158 2293 1277 2373">
    <p class='ocr_par' dir='ltr' id='par_1_7' title="bbox 158 2293 1277 2373">
     <span class='ocr_line' id='line_1_26' title="bbox 158 2293 1277 2373; baseline -0.004 -16"><span class='ocrx_word' id='word_1_191' title='bbox 158 2303 279 2373; x_wconf 80' lang='lat' dir='ltr'><strong>ceptum</strong></span> <span class='ocrx_word' id='word_1_192' title='bbox 313 2313 419 2354; x_wconf 86' lang='lat' dir='ltr'>annuae</span> <span class='ocrx_word' id='word_1_193' title='bbox 455 2293 655 2355; x_wconf 88' lang='lat' dir='ltr'>confessionis</span> <span class='ocrx_word' id='word_1_194' title='bbox 696 2313 781 2355; x_wconf 85' lang='grc'><strong>6666.</strong></span> <span class='ocrx_word' id='word_1_195' title='bbox 818 2295 887 2356; x_wconf 86' lang='grc'><strong>666.</strong></span> <span class='ocrx_word' id='word_1_196' title='bbox 929 2297 1026 2356; x_wconf 75' lang='lat' dir='ltr'>Poenae</span> <span class='ocrx_word' id='word_1_197' title='bbox 1062 2303 1162 2356; x_wconf 88' lang='lat' dir='ltr'>contra</span> <span class='ocrx_word' id='word_1_198' title='bbox 1273 2326 1277 2332; x_wconf 93' lang='lat'>·</span> 
     </span>
    </p>
   </div>
   <div class='ocr_carea' id='block_1_6' title="bbox 149 2378 1203 3559">
    <p class='ocr_par' dir='ltr' id='par_1_8' title="bbox 158 2378 1163 2628">
     <span class='ocr_line' id='line_1_27' title="bbox 158 2378 1163 2458; baseline -0.002 -19"><span class='ocrx_word' id='word_1_199' title='bbox 158 2378 415 2458; x_wconf 77' lang='lat' dir='ltr'><strong>transgredientes.</strong></span> <span class='ocrx_word' id='word_1_200' title='bbox 434 2397 467 2439; x_wconf 84' lang='lat' dir='ltr'>n.</span> <span class='ocrx_word' id='word_1_201' title='bbox 490 2380 557 2439; x_wconf 83' lang='grc'><strong>676.</strong></span> <span class='ocrx_word' id='word_1_202' title='bbox 584 2379 629 2438; x_wconf 80' lang='lat' dir='ltr'>An</span> <span class='ocrx_word' id='word_1_203' title='bbox 647 2379 805 2457; x_wconf 88' lang='lat' dir='ltr'>aliquando</span> <span class='ocrx_word' id='word_1_204' title='bbox 825 2381 956 2439; x_wconf 88' lang='lat' dir='ltr'>sacerdos</span> <span class='ocrx_word' id='word_1_205' title='bbox 974 2380 1097 2458; x_wconf 82' lang='lat' dir='ltr'>simplex</span> <span class='ocrx_word' id='word_1_206' title='bbox 1119 2389 1163 2438; x_wconf 81' lang='lat' dir='ltr'><strong>te-</strong></span> 
     </span>
     <span class='ocr_line' id='line_1_28' title="bbox 160 2460 1161 2541; baseline -0.003 -19"><span class='ocrx_word' id='word_1_207' title='bbox 160 2469 266 2541; x_wconf 88' lang='lat' dir='ltr'>neatur</span> <span class='ocrx_word' id='word_1_208' title='bbox 280 2481 312 2523; x_wconf 89' lang='lat' dir='ltr'><strong>se</strong></span> <span class='ocrx_word' id='word_1_209' title='bbox 333 2462 489 2523; x_wconf 83' lang='lat' dir='ltr'>habilitare</span> <span class='ocrx_word' id='word_1_210' title='bbox 511 2461 548 2522; x_wconf 91' lang='lat' dir='ltr'>ad</span> <span class='ocrx_word' id='word_1_211' title='bbox 572 2461 734 2522; x_wconf 88' lang='lat' dir='ltr'>audiendas</span> <span class='ocrx_word' id='word_1_212' title='bbox 747 2463 950 2524; x_wconf 82' lang='lat' dir='ltr'>confessiones.</span> <span class='ocrx_word' id='word_1_213' title='bbox 963 2460 985 2523; x_wconf 85' lang='lat' dir='ltr'><strong>l.</strong></span> <span class='ocrx_word' id='word_1_214' title='bbox 1001 2465 1030 2525; x_wconf 88' lang='grc'><strong>6.</strong></span> <span class='ocrx_word' id='word_1_215' title='bbox 1042 2481 1075 2522; x_wconf 91' lang='lat' dir='ltr'>n.</span> <span class='ocrx_word' id='word_1_216' title='bbox 1092 2464 1161 2522; x_wconf 80' lang='grc'><strong>666.</strong></span> 
     </span>
     <span class='ocr_line' id='line_1_29' title="bbox 158 2544 631 2628; baseline -0.006 -20"><span class='ocrx_word' id='word_1_217' title='bbox 158 2548 202 2608; x_wconf 76' lang='lat' dir='ltr'><strong>Et</strong></span> <span class='ocrx_word' id='word_1_218' title='bbox 222 2546 263 2608; x_wconf 62' lang='lat' dir='ltr'>in.</span> <span class='ocrx_word' id='word_1_219' title='bbox 274 2550 370 2608; x_wconf 80' lang='lat' dir='ltr'>Pron.</span> <span class='ocrx_word' id='word_1_220' title='bbox 386 2544 516 2628; x_wconf 78' lang='lat' dir='ltr'>consess.</span> <span class='ocrx_word' id='word_1_221' title='bbox 529 2565 562 2606; x_wconf 89' lang='lat' dir='ltr'>n.</span> <span class='ocrx_word' id='word_1_222' title='bbox 583 2548 631 2606; x_wconf 78' lang='grc'><strong>60,</strong></span> 
     </span>
    </p>

    <p class='ocr_par' dir='ltr' id='par_1_9' title="bbox 149 2628 1203 3033">
     <span class='ocr_line' id='line_1_30' title="bbox 198 2628 1162 2710; baseline -0.003 -18"><span class='ocrx_word' id='word_1_223' title='bbox 198 2632 346 2695; x_wconf 82' lang='lat' dir='ltr'>Confessio</span> <span class='ocrx_word' id='word_1_224' title='bbox 366 2649 528 2710; x_wconf 88' lang='lat' dir='ltr'>puerorum</span> <span class='ocrx_word' id='word_1_225' title='bbox 550 2639 581 2691; x_wconf 89' lang='lat' dir='ltr'><strong>et</strong></span> <span class='ocrx_word' id='word_1_226' title='bbox 605 2630 772 2708; x_wconf 86' lang='lat' dir='ltr'>puellarum</span> <span class='ocrx_word' id='word_1_227' title='bbox 796 2629 946 2709; x_wconf 88' lang='lat' dir='ltr'>quamodo</span> <span class='ocrx_word' id='word_1_228' title='bbox 982 2628 1162 2708; x_wconf 82' lang='lat' dir='ltr'>excipienda.</span> 
     </span>
     <span class='ocr_line' id='line_1_31' title="bbox 157 2713 1162 2794; baseline -0.002 -17"><span class='ocrx_word' id='word_1_229' title='bbox 157 2713 224 2777; x_wconf 84' lang='grc'><strong>6166</strong></span> <span class='ocrx_word' id='word_1_230' title='bbox 236 2717 331 2778; x_wconf 83' lang='lat' dir='ltr'>Pron.</span> <span class='ocrx_word' id='word_1_231' title='bbox 344 2714 517 2794; x_wconf 70' lang='grc'><strong>66616666.</strong></span> <span class='ocrx_word' id='word_1_232' title='bbox 532 2716 580 2776; x_wconf 89' lang='grc'><strong>00.</strong></span> <span class='ocrx_word' id='word_1_233' title='bbox 593 2714 748 2788; x_wconf 89' lang='lat' dir='ltr'>Quomodo</span> <span class='ocrx_word' id='word_1_234' title='bbox 763 2713 902 2774; x_wconf 88' lang='lat' dir='ltr'>confessio</span> <span class='ocrx_word' id='word_1_235' title='bbox 915 2714 1162 2792; x_wconf 86' lang='lat' dir='ltr'>scrupulosorum.</span> 
     </span>
     <span class='ocr_line' id='line_1_32' title="bbox 158 2800 1203 2872; baseline -0.001 -10"><span class='ocrx_word' id='word_1_236' title='bbox 158 2821 193 2862; x_wconf 88' lang='lat' dir='ltr'>n.</span> <span class='ocrx_word' id='word_1_237' title='bbox 209 2802 259 2862; x_wconf 72' lang='lat'><strong>95.</strong></span> <span class='ocrx_word' id='word_1_238' title='bbox 274 2804 467 2862; x_wconf 83' lang='lat' dir='ltr'>Personarum</span> <span class='ocrx_word' id='word_1_239' title='bbox 477 2801 660 2862; x_wconf 87' lang='lat' dir='ltr'>devotarum.</span> <span class='ocrx_word' id='word_1_240' title='bbox 671 2820 703 2860; x_wconf 89' lang='lat' dir='ltr'>n.</span> <span class='ocrx_word' id='word_1_241' title='bbox 716 2802 765 2862; x_wconf 76' lang='lat'><strong>99.</strong></span> <span class='ocrx_word' id='word_1_242' title='bbox 775 2803 924 2861; x_wconf 84' lang='lat' dir='ltr'>illatorum</span> <span class='ocrx_word' id='word_1_243' title='bbox 935 2843 943 2872; x_wconf 90' lang='lat'>‚</span> <span class='ocrx_word' id='word_1_244' title='bbox 955 2809 985 2860; x_wconf 93' lang='grc'><strong>61</strong></span> <span class='ocrx_word' id='word_1_245' title='bbox 994 2800 1162 2863; x_wconf 86' lang='lat' dir='ltr'>surdorum.</span> <span class='ocrx_word' id='word_1_246' title='bbox 1190 2802 1203 2817; x_wconf 73' lang='lat'><em>⁶</em></span> 
     </span>
     <span class='ocr_line' id='line_1_33' title="bbox 149 2882 1162 2964; baseline 0 -17"><span class='ocrx_word' id='word_1_247' title='bbox 149 2905 193 2947; x_wconf 80' lang='lat' dir='ltr'>n.</span> <span class='ocrx_word' id='word_1_248' title='bbox 214 2888 283 2947; x_wconf 87' lang='grc'><strong>106.</strong></span> <span class='ocrx_word' id='word_1_249' title='bbox 301 2882 481 2947; x_wconf 85' lang='lat' dir='ltr'>lloribundi.</span> <span class='ocrx_word' id='word_1_250' title='bbox 500 2905 533 2946; x_wconf 89' lang='lat' dir='ltr'>n.</span> <span class='ocrx_word' id='word_1_251' title='bbox 551 2888 617 2946; x_wconf 82' lang='grc'><strong>106.</strong></span> <span class='ocrx_word' id='word_1_252' title='bbox 634 2888 733 2964; x_wconf 90' lang='lat' dir='ltr'>Capite</span> <span class='ocrx_word' id='word_1_253' title='bbox 745 2887 887 2947; x_wconf 90' lang='lat' dir='ltr'>damnati.</span> <span class='ocrx_word' id='word_1_254' title='bbox 899 2904 932 2946; x_wconf 89' lang='lat' dir='ltr'>n.</span> <span class='ocrx_word' id='word_1_255' title='bbox 952 2888 1016 2949; x_wconf 88' lang='grc'><strong>108.</strong></span> <span class='ocrx_word' id='word_1_256' title='bbox 1030 2887 1162 2958; x_wconf 86' lang='lat' dir='ltr'>Obsessi,</span> 
     </span>
     <span class='ocr_line' id='line_1_34' title="bbox 158 2970 718 3033; baseline -0.004 -1"><span class='ocrx_word' id='word_1_257' title='bbox 158 2979 191 3031; x_wconf 90' lang='lat' dir='ltr'><strong>et</strong></span> <span class='ocrx_word' id='word_1_258' title='bbox 209 2971 341 3032; x_wconf 78' lang='grc'><strong>66666116</strong></span> <span class='ocrx_word' id='word_1_259' title='bbox 359 2987 425 3031; x_wconf 87' lang='lat' dir='ltr'><strong>cam</strong></span> <span class='ocrx_word' id='word_1_260' title='bbox 444 2970 587 3031; x_wconf 89' lang='lat' dir='ltr'>daemone.</span> <span class='ocrx_word' id='word_1_261' title='bbox 602 2989 635 3030; x_wconf 88' lang='lat' dir='ltr'>n.</span> <span class='ocrx_word' id='word_1_262' title='bbox 650 2973 718 3033; x_wconf 92' lang='grc'><strong>110.</strong></span> 
     </span>
    </p>

    <p class='ocr_par' dir='ltr' id='par_1_10' title="bbox 155 3048 1159 3205">
     <span class='ocr_line' id='line_1_35' title="bbox 200 3048 1159 3133; baseline 0.002 -18"><span class='ocrx_word' id='word_1_263' title='bbox 200 3048 418 3133; x_wconf 76' lang='lat' dir='ltr'>confessionnis</span> <span class='ocrx_word' id='word_1_264' title='bbox 431 3055 601 3115; x_wconf 89' lang='lat' dir='ltr'>llonialium</span> <span class='ocrx_word' id='word_1_265' title='bbox 614 3055 665 3116; x_wconf 90' lang='lat' dir='ltr'>ubi</span> <span class='ocrx_word' id='word_1_266' title='bbox 686 3056 899 3119; x_wconf 87' lang='lat' dir='ltr'>collocandum.</span> <span class='ocrx_word' id='word_1_267' title='bbox 914 3054 937 3116; x_wconf 81' lang='lat' dir='ltr'><strong>l.</strong></span> <span class='ocrx_word' id='word_1_268' title='bbox 953 3060 984 3118; x_wconf 94' lang='grc'><strong>6.</strong></span> <span class='ocrx_word' id='word_1_269' title='bbox 998 3077 1029 3119; x_wconf 82' lang='lat' dir='ltr'>n.</span> <span class='ocrx_word' id='word_1_270' title='bbox 1048 3060 1117 3119; x_wconf 80' lang='grc'><strong>1177.</strong></span> <span class='ocrx_word' id='word_1_271' title='bbox 1130 3075 1159 3118; x_wconf 82' lang='lat' dir='ltr'>n.</span> 
     </span>
     <span class='ocr_line' id='line_1_36' title="bbox 155 3138 948 3205; baseline 0.003 -3"><span class='ocrx_word' id='word_1_272' title='bbox 155 3142 231 3202; x_wconf 79' lang='lat' dir='ltr'><strong>Nol.</strong></span> <span class='ocrx_word' id='word_1_273' title='bbox 247 3141 278 3199; x_wconf 87' lang='grc'><strong>6.</strong></span> <span class='ocrx_word' id='word_1_274' title='bbox 292 3142 335 3200; x_wconf 87' lang='grc'><strong>06</strong></span> <span class='ocrx_word' id='word_1_275' title='bbox 350 3138 553 3200; x_wconf 85' lang='lat' dir='ltr'>sollicitatione</span> <span class='ocrx_word' id='word_1_276' title='bbox 565 3141 595 3198; x_wconf 91' lang='lat' dir='ltr'><strong>in</strong></span> <span class='ocrx_word' id='word_1_277' title='bbox 610 3142 822 3205; x_wconf 87' lang='lat' dir='ltr'>confessionali.</span> <span class='ocrx_word' id='word_1_278' title='bbox 833 3162 864 3204; x_wconf 91' lang='lat' dir='ltr'>n.</span> <span class='ocrx_word' id='word_1_279' title='bbox 881 3144 948 3204; x_wconf 87' lang='grc'><strong>680.</strong></span> 
     </span>
    </p>

    <p class='ocr_par' dir='ltr' id='par_1_11' title="bbox 155 3222 1166 3559">
     <span class='ocr_line' id='line_1_37' title="bbox 170 3222 1165 3305; baseline -0.004 -19"><span class='ocrx_word' id='word_1_280' title='bbox 170 3264 174 3275; x_wconf 87' lang='lat'>·</span> <span class='ocrx_word' id='word_1_281' title='bbox 199 3223 405 3305; x_wconf 72' lang='grc'><strong>6666666666,</strong></span> <span class='ocrx_word' id='word_1_282' title='bbox 424 3232 455 3284; x_wconf 88' lang='grc'><strong>61</strong></span> <span class='ocrx_word' id='word_1_283' title='bbox 478 3222 681 3304; x_wconf 79' lang='lat' dir='ltr'>Confirmatio.</span> <span class='ocrx_word' id='word_1_284' title='bbox 703 3228 780 3301; x_wconf 87' lang='lat' dir='ltr'>Quid</span> <span class='ocrx_word' id='word_1_285' title='bbox 801 3230 839 3289; x_wconf 91' lang='lat' dir='ltr'><strong>sit</strong></span> <span class='ocrx_word' id='word_1_286' title='bbox 854 3237 1068 3289; x_wconf 87' lang='lat' dir='ltr'>sacramentum</span> <span class='ocrx_word' id='word_1_287' title='bbox 1088 3228 1165 3297; x_wconf 92' lang='lat' dir='ltr'>Con-</span> 
     </span>
     <span class='ocr_line' id='line_1_38' title="bbox 157 3306 1165 3375; baseline -0.007 -3"><span class='ocrx_word' id='word_1_288' title='bbox 157 3310 358 3372; x_wconf 80' lang='lat' dir='ltr'>iinnationis?</span> <span class='ocrx_word' id='word_1_289' title='bbox 373 3306 393 3370; x_wconf 83' lang='grc'><strong>1.</strong></span> <span class='ocrx_word' id='word_1_290' title='bbox 410 3311 440 3368; x_wconf 92' lang='grc'><strong>6.</strong></span> <span class='ocrx_word' id='word_1_291' title='bbox 453 3329 485 3371; x_wconf 88' lang='lat' dir='ltr'>n.</span> <span class='ocrx_word' id='word_1_292' title='bbox 505 3313 571 3373; x_wconf 89' lang='grc'><strong>161.</strong></span> <span class='ocrx_word' id='word_1_293' title='bbox 585 3313 628 3371; x_wconf 89' lang='lat' dir='ltr'><strong>De</strong></span> <span class='ocrx_word' id='word_1_294' title='bbox 645 3314 766 3373; x_wconf 90' lang='lat' dir='ltr'>materia</span> <span class='ocrx_word' id='word_1_295' title='bbox 778 3325 900 3375; x_wconf 88' lang='lat' dir='ltr'>remota.</span> <span class='ocrx_word' id='word_1_296' title='bbox 915 3334 947 3374; x_wconf 90' lang='lat' dir='ltr'>n.</span> <span class='ocrx_word' id='word_1_297' title='bbox 966 3315 1032 3374; x_wconf 86' lang='grc'><strong>166.</strong></span> <span class='ocrx_word' id='word_1_298' title='bbox 1046 3307 1165 3375; x_wconf 73' lang='lat' dir='ltr'>Materia</span> 
     </span>
     <span class='ocr_line' id='line_1_39' title="bbox 156 3391 1166 3473; baseline 0.001 -19"><span class='ocrx_word' id='word_1_299' title='bbox 156 3395 352 3472; x_wconf 79' lang='lat' dir='ltr'>proximan.</span> <span class='ocrx_word' id='word_1_300' title='bbox 368 3394 436 3454; x_wconf 88' lang='grc'><strong>166.</strong></span> <span class='ocrx_word' id='word_1_301' title='bbox 454 3396 559 3456; x_wconf 88' lang='lat' dir='ltr'>Unctio</span> <span class='ocrx_word' id='word_1_302' title='bbox 579 3395 727 3473; x_wconf 88' lang='lat' dir='ltr'>quomodo</span> <span class='ocrx_word' id='word_1_303' title='bbox 741 3398 804 3461; x_wconf 84' lang='lat' dir='ltr'>fieri</span> <span class='ocrx_word' id='word_1_304' title='bbox 824 3399 992 3457; x_wconf 78' lang='grc'><strong>6616661766.</strong></span> <span class='ocrx_word' id='word_1_305' title='bbox 1012 3395 1078 3452; x_wconf 79' lang='grc'><strong>166.</strong></span> <span class='ocrx_word' id='word_1_306' title='bbox 1096 3391 1166 3468; x_wconf 82' lang='lat' dir='ltr'>Ejus</span> 
     </span>
     <span class='ocr_line' id='line_1_40' title="bbox 155 3477 1164 3559; baseline 0 -21"><span class='ocrx_word' id='word_1_307' title='bbox 155 3486 264 3541; x_wconf 88' lang='lat' dir='ltr'>forma.</span> <span class='ocrx_word' id='word_1_308' title='bbox 283 3494 316 3537; x_wconf 89' lang='lat' dir='ltr'>n.</span> <span class='ocrx_word' id='word_1_309' title='bbox 330 3478 399 3537; x_wconf 90' lang='grc'><strong>167,</strong></span> <span class='ocrx_word' id='word_1_310' title='bbox 413 3485 444 3537; x_wconf 90' lang='grc'><strong>61</strong></span> <span class='ocrx_word' id='word_1_311' title='bbox 458 3480 524 3540; x_wconf 89' lang='grc'><strong>168.</strong></span> <span class='ocrx_word' id='word_1_312' title='bbox 536 3487 565 3539; x_wconf 88' lang='grc'><strong>61</strong></span> <span class='ocrx_word' id='word_1_313' title='bbox 578 3497 639 3559; x_wconf 81' lang='lat' dir='ltr'>seq.</span> <span class='ocrx_word' id='word_1_314' title='bbox 652 3480 777 3541; x_wconf 85' lang='lat' dir='ltr'>Effectus</span> <span class='ocrx_word' id='word_1_315' title='bbox 789 3477 1035 3540; x_wconf 80' lang='lat' dir='ltr'>Confirmationis.</span> <span class='ocrx_word' id='word_1_316' title='bbox 1051 3494 1083 3534; x_wconf 88' lang='lat' dir='ltr'>n.</span> <span class='ocrx_word' id='word_1_317' title='bbox 1097 3478 1164 3549; x_wconf 84' lang='grc'><strong>160.</strong></span> 
     </span>
    </p>
   </div>
   <div class='ocr_carea' id='block_1_7' title="bbox 155 3558 1291 3646">
    <p class='ocr_par' dir='ltr' id='par_1_12' title="bbox 155 3558 1291 3646">
     <span class='ocr_line' id='line_1_41' title="bbox 155 3558 1291 3646; baseline -0.002 -23"><span class='ocrx_word' id='word_1_318' title='bbox 155 3582 187 3623; x_wconf 86' lang='lat' dir='ltr'><strong>o.</strong></span> <span class='ocrx_word' id='word_1_319' title='bbox 211 3561 386 3639; x_wconf 71' lang='grc'><strong>6666126616</strong></span> <span class='ocrx_word' id='word_1_320' title='bbox 415 3562 572 3636; x_wconf 88' lang='lat' dir='ltr'>minister,</span> <span class='ocrx_word' id='word_1_321' title='bbox 592 3571 623 3625; x_wconf 89' lang='grc'><strong>61</strong></span> <span class='ocrx_word' id='word_1_322' title='bbox 648 3566 730 3643; x_wconf 88' lang='lat' dir='ltr'>quod</span> <span class='ocrx_word' id='word_1_323' title='bbox 751 3558 945 3644; x_wconf 79' lang='lat' dir='ltr'>subjectam?</span> <span class='ocrx_word' id='word_1_324' title='bbox 964 3577 996 3618; x_wconf 91' lang='lat' dir='ltr'>n.</span> <span class='ocrx_word' id='word_1_325' title='bbox 1028 3558 1095 3620; x_wconf 89' lang='grc'><strong>170.</strong></span> <span class='ocrx_word' id='word_1_326' title='bbox 1123 3559 1165 3622; x_wconf 86' lang='grc'><strong>66</strong></span> <span class='ocrx_word' id='word_1_327' title='bbox 1283 3636 1291 3646; x_wconf 80' lang='lat'>.</span> 
     </span>
    </p>
   </div>
   <div class='ocr_carea' id='block_1_8' title="bbox 960 3643 1010 3703">
    <p class='ocr_par' dir='ltr' id='par_1_13' title="bbox 960 3643 1010 3703">
     <span class='ocr_line' id='line_1_42' title="bbox 960 3643 1010 3703; baseline -0.02 0"><span class='ocrx_word' id='word_1_328' title='bbox 960 3643 1010 3703; x_wconf 81' lang='grc'><strong>66.</strong></span> 
     </span>
    </p>
   </div>
   <div class='ocr_carea' id='block_1_9' title="bbox 0 0 1326 4150">
    <p class='ocr_par' dir='ltr' id='par_1_14' title="bbox 0 0 1326 4150">
     <span class='ocr_line' id='line_1_43' title="bbox 0 0 1326 4150; baseline 0 0"><span class='ocrx_word' id='word_1_329' title='bbox 0 0 1326 4150; x_wconf 95' lang='lat' dir='ltr'><strong> </strong></span> 
     </span>
    </p>
   </div>
  </div>
 </body>
</html>
