2642 4150
224 231 229 236 ·
329 196 376 257 De
392 190 589 272 prohibitione
604 190 757 258 librarent.
781 198 878 275 Captet
897 198 926 257 l.
1045 201 1130 262 [ἰοῦ

126 306 161 362 al
181 293 288 358 onelios
304 293 382 356 eicco
401 289 556 374 obliniant.
578 295 620 353 llt
639 297 781 374 qnorn'atn
804 292 926 356 delectat
944 296 1083 370 novitas,
1102 307 1131 359 et

20 411 22 464 ᾗ
124 382 232 459 eaiqcca
254 386 299 439 est
322 373 475 456 relipioais
497 376 673 449 instructio,
696 376 852 439 inclinatio
877 381 944 440 cero
966 379 1006 438 orl
1028 382 1132 460 praei·

125 473 213 526 tatem
229 461 345 531 nimia,
367 477 429 520 aare
453 468 496 519 eet
513 460 643 532 arrireim,
665 460 694 521 ai
709 459 779 523 libri
802 461 974 542 eujusmodi
993 464 1133 545 spiritum

20 567 21 614 t
126 566 162 608 aa
184 545 271 607 corda
284 550 455 623 pervertant
475 539 614 615 illoram,
637 543 692 622 (μή
708 546 826 605 incante
850 543 1132 624 praeparamenta

126 626 345 690 incrednloram
361 626 433 705 feerit
450 648 461 683 .·
481 627 612 687 Lectores
625 624 833 704 implicantur,
847 629 1038 709 eyredinntnr
1050 649 1135 691 aaran

123 711 190 795 precli
202 757 210 782 ‚
233 719 262 772 et
291 709 410 769 tandein
427 706 509 787 liant
534 707 680 771 increclnli
700 710 865 790 inopinato.
897 712 1034 791 Effrana
1062 712 1132 774 inde

124 794 231 858 irretetis
261 791 380 853 libertae
408 790 631 853 immoderata-m
661 796 844 867 necessario,
862 812 897 855 oa
919 794 1132 857 irresistibilem

127 885 207 940 creat
227 874 323 936 cordis
347 871 495 933 licentiam.
505 898 518 950 ‚·
531 872 591 934 bac
611 874 798 956 passionibus
813 873 966 957 indulcat,
989 898 1024 939 ac
1044 878 1132 939 vitio·

124 980 194 1022 onon
205 955 314 1019 dilatat
324 955 492 1037 inoperinnz.
513 960 592 1017 Hinc
603 961 668 1019 aare
683 958 742 1019 clici
758 968 876 1038 potest,
898 979 1040 1041 moenam
1054 961 1133 1022 bana

125 1041 274 1108 civitatem
291 1041 402 1119 (nempe
423 1038 605 1119 londinum)
628 1061 793 1123 numquam
810 1046 843 1104 eb
859 1061 951 1123 usqne
967 1045 1060 1124 brine
1082 1044 1134 1105 ee·

125 1132 308 1206 protectam,
327 1122 403 1184 aaut
423 1130 466 1183 eet
489 1122 584 1186 lefolie.
613 1127 654 1184 Et
675 1125 792 1205 quidem
811 1130 895 1205 parre
913 1135 1011 1188 statne
1034 1144 1134 1187 orienes

127 1207 289 1287 Europaei,
309 1214 338 1267 et
361 1224 450 1285 repara
473 1205 563 1268 nimia
585 1205 745 1285 infeliciter
763 1208 984 1287 conspiciantur
1001 1210 1133 1288 intecta,-

125 1290 180 1368 secl
196 1298 291 1352 emeno
306 1288 412 1369 alisque
435 1287 522 1350 darbia
539 1288 669 1371 aetpliics
680 1336 691 1366 ,
716 1292 744 1351 ai
763 1299 835 1351 esset
856 1292 888 1350 in
910 1291 972 1353 illie
994 1291 1132 1366 libertae,
1153 1303 1162 1317 ⁰

127 1391 195 1452 aaa
210 1375 244 1433 in
265 1372 348 1433 nobis
368 1380 411 1431 est
425 1371 575 1451 capitanei
583 1418 594 1449 ,
616 1373 777 1443 scribotrli,
797 1392 832 1433 ac
846 1370 968 1453 bocardi.
990 1376 1135 1438 Hactenus
1160 1372 1165 1382 ’

127 1459 192 1518 ille.
217 1458 331 1533 Quippe
348 1453 437 1530 hujus
454 1454 584 1514 haeretici
604 1457 725 1532 querela
746 1456 890 1533 praefata,
913 1465 944 1516 et
965 1458 1135 1518 exclamatio

127 1541 175 1599 vol
194 1540 256 1598 sola
274 1538 377 1600 sufficit
395 1537 433 1597 ad
446 1539 679 1611 ostendendum,
700 1538 790 1616 quem
815 1540 853 1600 sit
879 1541 1074 1600 necessarium
1097 1541 1136 1602 ad

125 1624 322 1697 religionem,
347 1630 377 1682 et
399 1621 545 1698 publicam
563 1640 664 1700 pamm
682 1622 838 1682 fovendam
853 1623 945 1684 libros
958 1624 1135 1701 perniciosos

126 1707 316 1768 interdicere.
329 1705 425 1781 Atque
443 1704 555 1765 utinam
577 1706 682 1766 salsum
701 1715 777 1766 essct
792 1706 865 1770 illud
878 1749 887 1779 ,
901 1707 980 1784 quod
1000 1708 1135 1784 praelatus

125 1800 230 1850 auctor
259 1789 364 1847 ultime
390 1788 454 1847 loco
482 1790 601 1860 asserit,
631 1808 738 1867 nempe
757 1792 847 1864 etiam
872 1791 950 1869 apud
976 1790 1134 1854 catholicoe

126 1884 243 1954 pestem
257 1871 395 1930 atheismi
412 1871 511 1947 plures
531 1872 674 1934 iniecisse.
696 1876 733 1933 Et
761 1873 816 1934 hoc
841 1876 889 1934 eui
916 1875 1134 1944 tribuendum,

126 1957 184 2015 nisi
211 1954 421 2015 damnatorum
439 1953 584 2013 librorum
604 1955 747 2033 improbe
768 1958 915 2025 lectioni?
937 1958 994 2016 Alii
1017 1973 1135 2033 quoque

125 2037 217 2116 Angli
244 2055 313 2096 eum
337 2034 475 2097 haeretico
500 2037 591 2101 relato
618 2038 656 2098 de
674 2057 736 2100 suae
755 2042 850 2118 gentis
871 2040 1024 2101 communi
1037 2048 1135 2107 eoum·

124 2124 215 2212 gione
238 2119 356 2181 sortiter
376 2131 633 2198 conqueruntur,
661 2123 714 2182 sed
740 2126 861 2184 interim
884 2122 1008 2185 minime
1033 2132 1138 2185 aurant

124 2206 285 2281 exitiosam
299 2201 445 2261 scribendi
464 2213 493 2260 et
515 2204 630 2282 legentli
651 2207 819 2268 libertatem
835 2208 1039 2284 comprimere.
1051 2209 1137 2264 'tem-

126 2306 229 2367 pore,
254 2304 313 2362 quo
339 2285 442 2361 Anglia
470 2286 608 2346 Romanae
636 2291 769 2350 Ecclesia
794 2290 1037 2367 obtemperabat,
1060 2287 1136 2349 nulli

122 2371 252 2448 quidem
274 2366 316 2428 ibi
334 2368 510 2447 legebantur
533 2372 695 2443 increduli,
719 2374 793 2432 nulli
818 2373 915 2444 athei,
954 2373 1074 2443 deistae,
1088 2371 1137 2431 vel

122 2453 326 2514 latitudinarii
348 2450 445 2524 nulli,
466 2452 502 2514 eb
524 2453 604 2531 qubd
628 2455 703 2513 nulli
725 2456 767 2513 ibi
792 2455 978 2525 edebantur,
1003 2462 1034 2513 et
1060 2451 1136 2514 nulli

123 2540 304 2614 tegebantur
319 2580 328 2609 ,
344 2537 397 2614 qui
419 2536 486 2597 talia
508 2536 665 2609 docerent,
690 2539 771 2596 libri.
955 2534 958 2542 '
1045 2594 1050 2602 ,

163 2624 206 2681 V.
222 2622 310 2681 Nune
322 2628 441 2697 praestat
452 2619 481 2678 id
499 2621 641 2695 exemplis
654 2620 841 2679 confirmare.
861 2619 1050 2693 testaturss.
1064 2616 1137 2679 Dio·

122 2703 236 2785 oyciac
259 2700 500 2773 Alexandrinae,
531 2701 615 2780 apol
641 2704 758 2762 Boron.
784 2702 875 2763 libras
903 2702 1003 2761 noxios
1024 2697 1138 2776 nepotis

122 2789 269 2869 Episcopi
298 2789 330 2847 iu
362 2793 459 2863 partes
484 2787 675 2847 Kiliastarum
709 2785 797 2864 poenb
826 2786 957 2846 medium
984 2784 1138 2846 adduxisse

124 2873 300 2933 Orientem.
317 2868 508 2929 Barclaaanea
521 2871 614 2948 syros
636 2871 668 2930 in
686 2872 909 2945 Mesopotamia,
920 2871 956 2935 ad
975 2866 1137 2944 fidemjam

121 2971 313 3023 conversus,
334 2953 372 3013 ita
399 2953 471 3015 olim
489 2951 545 3012 suit
566 2954 674 3029 pietate
695 2956 885 3032 conspicuus,
900 2970 933 3014 ac
948 2955 1088 3015 sollicitus
1104 2953 1137 3010 in

119 3033 314 3114 exagitandis
338 3033 483 3093 haereticis
510 3052 581 3095 voce
603 3046 632 3096 et
654 3038 793 3114 seriptis,
819 3048 852 3098 ut
877 3037 1025 3097 catholicis
1043 3035 1137 3096 admi·

84 3173 89 3181 .
117 3116 240 3179 rationi
262 3114 440 3188 haberetur,
465 3117 514 3177 sed
530 3117 583 3178 ubi
605 3121 879 3183 Valentinianorum
898 3123 1033 3199 quaedam
1052 3118 1137 3180 rolu-

118 3202 213 3260 mina
238 3199 332 3275 legit,
359 3217 419 3259 non
441 3198 558 3261 tantiam
577 3219 682 3262 eorum
703 3204 872 3282 subscripsit
892 3205 1066 3272 erroribus,
1085 3198 1137 3260 sed

117 3284 184 3341 alia
212 3282 357 3340 atrociora
387 3283 532 3359 paradoxa
557 3282 643 3343 finxit
657 3290 673 3358 ,'
687 3294 718 3345 et
747 3287 787 3346 sie
813 3289 983 3347 innumeros
1004 3283 1138 3344 honrinee

115 3366 260 3428 seduxn.
282 3363 353 3427 Vide
375 3366 523 3446 optraon
547 3367 690 3430 Cleamber
713 3371 747 3428 in
777 3369 893 3450 Cyclop.
917 3369 993 3435 verb.
1018 3361 1137 3425 Barla·

116 3446 252 3511 sanita.
272 3449 347 3509 ltem
365 3458 488 3510 testatur
502 3461 620 3513 sanctus
642 3451 842 3529 Hieronymus
860 3494 869 3522 ,
894 3454 928 3511 in
948 3447 1063 3510 treton
1083 3439 1134 3507 lib,

115 3533 176 3595 18.
206 3549 234 3591 a.
261 3531 321 3600 bb,
340 3530 420 3606 qubcl
450 3533 587 3613 Hispania
611 3542 645 3594 eb
662 3535 811 3605 Lusitania
842 3550 903 3595 uon
926 3525 1136 3670 ¹agritemitlttlot
