2642 4150
193 237 251 300 551
581 232 805 295 1555115555.

228 341 322 416 Aque
334 336 474 415 Episcopo
486 334 666 413 approbandi
683 334 868 394 confessarii?
881 330 901 393 1.
917 336 947 395 6.
963 353 995 395 5.
1009 337 1189 399 51751518.

191 424 291 498 aquo
304 422 474 499 regulares?
487 439 521 479 5.
537 418 604 479 519.
621 418 779 497 Episcopus
791 426 887 494 potest
902 420 1067 497 approbare
1085 423 1195 482 eunies·

192 505 284 566 sarius
303 523 356 583 per
368 505 470 566 alium.
483 522 516 564 5.
531 504 599 563 550.
611 520 639 562 5.
655 502 685 560 5.
702 503 748 562 Au
768 502 926 580 Episcopus
945 506 1037 583 possit
1049 506 1195 584 approba·

193 597 238 649 tos
253 607 390 652 revocare
405 590 442 649 ad
460 604 593 649 examen.
618 604 652 646 5.
665 587 734 648 555.
748 586 794 647 An
816 587 976 666 Episcopus
991 591 1082 667 possit
1101 591 1197 651 absol·
1216 661 1221 668 ‚
1250 602 1252 606 ’

193 690 263 735 rere
271 676 478 735 confessarium
486 672 681 750 excipientem
690 671 900 733 consessionem
908 675 1116 751 complicisln.
1128 677 1195 736 556.

195 757 252 830 Qu.
267 760 297 819 5.
315 760 362 819 An
375 757 510 818 Viearius
524 757 633 835 possit,
650 756 793 833 Episcopo
812 756 1053 831 contradicente,
1071 759 1142 820 dore
1155 760 1198 819 15-

193 841 331 901 cultatem
354 837 493 900 audiendi
509 839 726 899 contessiouesl
737 856 769 897 5.
783 840 850 899 558.
864 840 910 900 bn
926 841 1085 920 Episcopus
1107 845 1198 921 possit

192 924 248 984 sibi
260 925 370 1003 eligere
379 926 411 984 in
423 924 632 986 confessarium
642 939 860 1000 quemcumque
872 924 1074 985 sacerdotem?
1084 944 1117 986 5.
1129 929 1194 988 565.

192 1007 274 1071 1155.
292 1010 321 1070 1.
335 1011 466 1070 Tenetur
486 1008 557 1068 dare
578 1005 845 1068 extraordinarium
867 1007 1043 1069 monialibus
1066 1009 1131 1084 bis,
1152 1012 1196 1072 rel

195 1100 251 1152 ter.
265 1111 299 1153 5.
311 1094 369 1158 576
381 1111 410 1152 5.
427 1092 519 1154 Idem.
535 1094 572 1152 Et
592 1093 681 1151 etiam
703 1091 862 1174 exemptis,
877 1092 902 1151 si
919 1094 1034 1170 praelati
1046 1112 1149 1155 earum
1167 1096 1196 1155 id
1254 1115 1261 1136 ³

194 1176 354 1255 negligant.
362 1175 403 1238 15.
413 1174 673 1255 Episcopusquoad
686 1174 848 1234 clausuram
856 1182 952 1252 potest
959 1194 1111 1239 reservare
1118 1196 1198 1240 casus

193 1261 378 1323 monialium.
391 1260 413 1321 t.
431 1263 461 1322 6.
477 1278 509 1320 5.
522 1260 591 1321 eea.
608 1258 814 1333 05111155
830 1261 965 1339 Episcopi
979 1263 1092 1340 possint
1104 1264 1199 1324 absol·

195 1360 266 1405 vere
279 1345 452 1425 peregrinos
465 1342 482 1404 5
496 1343 672 1421 Populibus,
689 1351 719 1402 et
729 1342 896 1419 dispensare
907 1363 973 1405 cum
986 1347 1071 1407 eisin
1085 1348 1200 1424 irregu-

195 1428 379 1503 laritatibns,
392 1433 474 1490 etot
491 1447 523 1488 5.
536 1430 604 1488 595.
619 1428 666 1488 An
685 1436 766 1487 extra
781 1434 1021 1488 sacromentum?
1035 1428 1074 1492 15.
1088 1432 1197 1494 51115.

194 1511 274 1585 Quid
293 1517 317 1575 si
332 1516 492 1592 Episcopus
513 1512 652 1572 inciderit
669 1513 701 1572 iu
726 1512 857 1589 Papalct
877 1510 917 1574 ib.
943 1514 1067 1587 Quando
1086 1516 1199 1577 crimen

194 1605 347 1657 censeatur
362 1598 538 1657 occultum?
560 1594 688 1657 151151.
713 1597 742 1655 5.
767 1596 868 1673 Aqua
892 1600 1079 1675 percussione
1099 1601 1198 1661 clerici

195 1681 286 1756 possit
306 1681 464 1760 Episcopus
482 1680 653 1740 absolveret
676 1676 698 1739 1.
720 1681 750 1739 7.
771 1697 804 1739 5.
829 1681 897 1741 576.
917 1682 962 1741 dn
976 1682 1144 1759 dispensare
1166 1685 1199 1745 in

193 1763 327 1824 votisld.
340 1782 371 1823 5.
385 1764 616 1840 susannem.
629 1763 675 1823 Aa
687 1763 818 1841 Episcopi
832 1766 944 1841 possint
953 1765 1099 1825 absoluere
1112 1784 1201 1826 casus

194 1848 314 1927 Popules
324 1849 412 1909 etiam
426 1858 493 1928 post
503 1847 662 1909 Tridentt
673 1866 705 1907 5.
717 1848 785 1907 591.
797 1848 843 1908 dn
854 1846 929 1909 bane
939 1849 1103 1910 facultatem
1115 1848 1201 1910 dele·

193 1928 536 2010 guentoniensem.
550 1933 580 1994 7.
598 1950 631 1992 5.
642 1933 692 1996 95.
710 1932 756 1993 bn
770 1932 882 2010 possint
899 1931 1034 2013 delegare
1049 1934 1199 2011 quaeipsis

194 2026 366 2098 competunt
373 2016 442 2095 jure
460 2014 732 2079 551155151555
754 2016 867 2095 possint
882 2016 1034 2079 absolvere
1049 2018 1086 2079 ab
1095 2016 1198 2080 baeresi

192 2104 327 2164 occultat
340 2101 362 2164 1.
372 2105 403 2163 7.
418 2122 450 2164 5.
460 2104 510 2165 85.
521 2110 550 2163 et
567 2103 616 2163 85.
631 2103 678 2162 An
694 2100 846 2162 absolvere
864 2102 1192 2180 15555111555555581.

193 2188 287 2249 Etiam
302 2206 356 2266 per
371 2189 535 2249 51155575.
549 2189 598 2248 90.
608 2186 688 2260 Quid
698 2189 721 2248 si
736 2188 802 2265 quis
813 2188 852 2246 sit
864 2187 1024 2266 impeditus
1034 2188 1115 2250 odire
1128 2188 1199 2265 Epi·
1306 2236 1307 2273 ἒ

193 2278 338 2351 scopum?
353 2291 386 2333 5.
400 2273 449 2333 95.
463 2274 509 2332 alo
524 2273 660 2350 Episcopi
672 2273 786 2350 possint
800 2271 969 2350 dispensare
982 2273 1014 2334 in
1028 2274 1199 2351 irregulari-

193 2364 255 2418 tate
265 2374 334 2418 eum
348 2356 467 2418 subdito
477 2356 547 2417 alibi
558 2362 716 2418 morante?
727 2354 748 2418 l.
759 2358 790 2416 7.
803 2375 835 2416 5.
848 2357 1199 2435 8155555511155111555

193 2443 231 2504 od
243 2441 418 2504 beneficium
432 2443 579 2522 simplex?
592 2444 703 2505 5158.
717 2443 764 2503 dn
780 2441 818 2502 ad
833 2443 1108 2504 5555515555575.
1127 2444 1197 2502 tre.

195 2530 242 2589 An
257 2544 325 2588 eum
346 2527 502 2607 illegitimo
517 2529 699 2588 55551515.
715 2528 783 2587 156.
795 2528 841 2586 An
855 2526 959 2586 saltem
977 2526 1200 2587 5151515555-

195 2616 293 2675 dumt
306 2631 339 2674 5.
352 2615 421 2675 151.
436 2612 484 2673 lle
502 2614 535 2673 in
546 2612 760 2690 irregularitate
773 2629 809 2671 ex
820 2610 934 2671 deiectu
944 2615 959 2668 1
971 2629 1055 2673 aum.
1069 2613 1140 2672 169.
1153 2612 1200 2671 An
1305 2616 1306 2663 l

193 2700 306 2777 possint
320 2698 490 2779 dispensure
501 2714 570 2759 cum
586 2695 810 2762 sollicitentibus
828 2695 866 2756 ud
887 2694 1116 2759 celebrandum?
1131 2691 1153 2757 1.
1167 2696 1199 2756 6.

192 2786 841 2947 ἰ575555555555515515(15555551155511
859 2866 879 2930 la
897 2870 928 2929 o.
941 2887 975 2929 5.
990 2870 1058 2931 755.
1070 2869 1118 2929 An
1130 2887 1200 2948 pos·
1244 2844 1249 2873 ⁹
1304 2818 1305 2853 ἦ

193 2952 233 3012 sit
249 2953 383 3012 conterre
401 2959 555 3014 tonsuram
577 2955 609 3015 in
631 2955 727 3014 alienu
747 2953 1016 3015 515555115756,
1039 2954 1200 3033 Episcopus

193 3033 419 3095 11115115555155
434 3034 571 3108 ordines,
586 3039 611 3097 si
625 3055 686 3098 non
702 3037 839 3099 celebrat.
853 3035 874 3099 1.
885 3041 915 3099 6.
933 3057 966 3100 5.
981 3038 1050 3099 711.
1067 3038 1140 3100 Not.
1151 3041 1199 3100 11.
1303 3036 1304 3051 ¹

193 3119 368 3179 Protestotio
377 3120 510 3197 Episcopi
527 3121 655 3182 nolentis
676 3122 815 3195 ordinare
831 3123 1114 3194 excommunicatos,
1138 3133 1197 3185 ete.

191 3222 224 3265 5.
237 3205 306 3265 781.
323 3222 351 3264 5.
366 3204 465 3279 Quoer.
482 3206 641 3284 Episcopus
658 3205 800 3289 5515555
816 3215 913 3284 potest
932 3208 1101 3266 examinare
1118 3208 1202 3269 ordi·

192 3288 305 3351 nendos
319 3288 441 3349 alienos.
456 3308 489 3348 5.
504 3290 571 3351 787.
586 3292 747 3369 Episcopus
762 3293 900 3370 proprius
917 3291 1005 3351 debet
1022 3306 1073 3350 ees
1089 3292 1203 3352 oxomi-
1302 3312 1303 3363 3

193 3393 275 3435 nare.
294 3371 336 3435 ib.
355 3375 450 3434 blorte
481 3372 617 3451 Episcopi
641 3393 703 3434 non
728 3376 864 3453 expirant
883 3373 1067 3435 dimissoriae.
1082 3370 1155 3434 ibid.
1169 3394 1200 3435 5.

192 3455 366 3520 Notandum
376 3460 406 3518 5.
419 3460 503 3518 Circa
510 3455 693 3527 dimissorias
706 3503 714 3531 ,
728 3456 795 3527 ride
805 3477 834 3518 o.
846 3455 1097 3519 Diuaissorioe.An
1109 3460 1203 3536 possit

193 3539 331 3600 ordinare
350 3541 479 3600 alienum
500 3541 554 3599 sub
573 3559 624 3619 spe
647 3541 888 3602 ratihabitionis?
909 3561 939 3602 5.
960 3542 1026 3601 789.
1040 3542 1204 3618 Episcopus

192 3622 285 3685 sidet
304 3623 498 3695 secerdotium
523 3625 663 3686 nescienti
687 3626 800 3686 solvere
829 3625 918 3687 dubia
944 3620 1203 3689 55115551551555
