2642 4150
210 254 248 314 86
415 252 459 311 De
468 262 667 310 retractarunt
683 245 798 325 Pontis.
811 245 945 320 decretis,
957 256 1008 311 etc.

208 353 315 414 mutire
329 397 336 424 ,
354 359 384 413 et
397 351 531 429 negativa
544 346 706 428 respective
725 351 869 409 sententio
890 351 1011 412 interae
1024 354 1209 428 certantium,

207 455 288 496 sacra
307 453 407 515 congr.
431 433 576 505 concilii,
597 432 744 512 adquam
765 432 855 511 hujus
880 437 1050 512 quaestionis
1071 439 1210 502 resolutio

207 519 301 581 delata
324 520 399 591 fuit,
417 518 466 579 die
486 517 572 578 tertid
598 519 673 578 Deo.
696 519 791 593 tito,
805 519 940 578 censuit:
961 521 1041 581 NON
1059 523 1209 599 blCEllll3

207 602 314 665 deinde
325 604 396 665 verb
407 603 611 664 Sanctissimus
624 603 769 663 Dominus
787 612 886 662 noster
899 603 1053 683 reprobata
1067 611 1210 670 contraria

207 690 363 749 doctorum
379 688 542 757 sententia,
557 687 726 764 praedictam
748 705 837 747 saorae
854 690 1089 766 congregationis
1103 694 1210 752 resoln·

208 773 319 832 tionem
347 770 457 833 nedum
478 771 669 849 approbavit,
695 769 801 831 vertitu
823 772 913 831 etiam
938 774 1076 849 praesenti
1093 773 1210 837 decreto

207 856 325 935 publice
347 855 512 934 evulgando
531 855 627 913 voluit
646 855 784 914 omnibus
811 864 916 915 notum
941 857 1022 924 fieri,
1049 874 1109 917 non
1129 877 1212 936 posse

207 941 308 1018 vigore
321 941 425 1001 similis
441 939 551 998 lndulti
568 938 710 998 celebrari
734 939 851 998 missam
867 940 899 998 in
916 940 1039 1018 privatis
1054 943 1209 1019 oratoriis,

165 1053 169 1060 r
208 1026 325 1103 quando
338 1025 432 1085 eidem
452 1024 547 1083 missua
560 1033 627 1082 autu
645 1041 705 1081 non
723 1023 845 1084 interest
864 1024 970 1101 aliquis
990 1042 1026 1085 ex
1039 1025 1210 1105 iis‚quibus

210 1103 417 1187 'principaliter
432 1108 585 1168 lndultum
602 1124 772 1166 eoncessum
791 1115 834 1166 est
846 1128 855 1183 3
867 1108 1020 1169 lndultum
1040 1108 1112 1170 vend
1132 1111 1212 1187 prin·

209 1196 345 1272 cipaliter
365 1189 534 1255 eoncessum
552 1192 676 1268 intelligi
696 1192 731 1251 iis
748 1191 862 1252 tantum
875 1236 883 1264 ‚
897 1192 1003 1272 quibus
1028 1194 1121 1254 Breve
1141 1195 1211 1255 diri·

207 1279 306 1357 gitur,
320 1276 465 1338 niminlm
486 1277 619 1355 personis
636 1275 713 1347 illis,
730 1294 796 1353 quae
815 1274 832 1335 b
851 1284 934 1354 tergo
954 1274 1086 1353 ejusdem
1111 1280 1211 1339 Brevis

207 1363 328 1441 proprio
343 1362 465 1421 nomine
485 1366 715 1437 nuncupantur,
731 1359 805 1421 aded
821 1369 856 1420 ut
878 1360 942 1420 sine
953 1362 1212 1438 praesentia-alicu·

205 1445 254 1524 jus
270 1464 306 1506 ex
327 1445 415 1506 dietis
436 1445 569 1523 personis
588 1443 712 1504 minime
726 1444 811 1504 liceat
833 1444 929 1505 missae
952 1445 1127 1506 sacrificium
1141 1466 1211 1525 per·

206 1533 273 1609 agi,
298 1530 412 1590 etiamsi
433 1547 563 1609 praesens
583 1529 623 1589 sit
642 1528 749 1607 aliquis
770 1530 831 1590 siue
849 1530 994 1603 curtiliis,
1016 1531 1079 1592 sive
1095 1550 1131 1591 ex
1147 1552 1212 1594 eon·

206 1618 382 1695 sanguineis,
393 1616 454 1675 sive
468 1633 504 1675 ex
515 1614 653 1675 affinibus
664 1658 672 1687 ,
684 1616 746 1676 sive
755 1615 1004 1687 exlamiliaribus,
1017 1617 1080 1677 sive
1089 1617 1211 1680 demum

207 1719 243 1761 ox
258 1699 422 1779 hospitibus
440 1698 588 1759 nobilibus
609 1702 641 1759 in
666 1699 770 1759 eodem
783 1701 868 1760 Brevi
890 1701 1081 1769 memoratis,
1100 1703 1211 1781 quippi

207 1784 314 1864 quibus
330 1784 372 1843 nil
386 1782 465 1841 aliud
483 1799 536 1860 per
549 1780 695 1858 ejusmodi
711 1785 814 1843 Brevia
827 1784 1015 1854 conceditur,
1029 1783 1117 1861 qttam
1130 1788 1211 1863 qubd

206 1868 407 1945 unusquisque
423 1882 527 1926 eorum
547 1865 742 1944 (dummodo,
760 1867 840 1945 quod
866 1868 970 1928 attinet
982 1867 1019 1926 ad
1031 1868 1212 1944 lamiliares,

204 1951 287 2028 juxta
299 1951 459 2011 clausulam
472 1949 577 2010 iisdem
589 1951 730 2011 Brevibus
740 1952 879 2011 insertam
891 1996 898 2024 ,
911 1953 1016 2012 nonsit
1026 1969 1064 2011 ex
1076 1952 1135 2012 illis
1146 1965 1212 2015 actu

206 2034 384 2114 necessariis)
395 2034 529 2095 assistens
544 2034 661 2107 missac,
683 2054 749 2113 quae
767 2037 932 2098 celebratur
954 2038 985 2096 in
1008 2037 1136 2098 oratorio
1151 2041 1213 2119 pri·

205 2129 274 2179 vato
290 2120 322 2179 in
343 2119 497 2198 praesentia
515 2117 638 2194 alicujus
657 2137 693 2179 ex
708 2122 841 2198 personis
856 2120 872 2180 d
885 2130 966 2200 tergo
978 2122 1077 2180 Brevis
1090 2125 1213 2200 proprio

205 2204 326 2263 nomine
352 2202 546 2279 nuncupatis,
568 2202 724 2262 satisfaciat
742 2203 913 2284 obligationi
934 2203 1071 2264 audiendi
1093 2206 1214 2266 missam

204 2287 309 2347 diebus
322 2287 401 2346 iestis
416 2286 453 2345 dc
468 2294 625 2364 praecepto.
644 2288 765 2347 Sublata
779 2289 889 2366 igitur,
901 2298 931 2349 et
951 2290 1113 2367 proscripta
1139 2291 1214 2368 quai·

205 2387 331 2446 eumque
345 2369 443 2429 minus
459 2371 598 2447 germunt
621 2371 864 2449 interpretatione
879 2372 1023 2449 ejusmodi
1050 2373 1212 2443 Brevium,

205 2461 236 2512 et
264 2453 452 2513 lndultorum
474 2454 505 2512 iu
527 2455 710 2514 contrarium
731 2454 872 2517 hactenus
891 2455 987 2525 laeta,
1007 2457 1214 2517 SANCTlTAS

203 2537 276 2595 SUA
300 2537 341 2596 itu
365 2535 544 2612 declaravit,
568 2546 597 2597 et
615 2539 725 2597 servari
748 2540 871 2602 omnind
892 2540 1057 2614 mandavit,
1079 2539 1215 2600 districte

204 2622 398 2701 praecipiens,
414 2630 447 2681 ut
465 2639 567 2682 omnes
586 2624 720 2702 Episcopi
733 2668 742 2698 ‚
755 2626 866 2705 aliique
887 2627 1021 2686 locorum
1035 2624 1188 2684 Ordinarii
1203 2670 1212 2695 ,

202 2705 293 2763 etiarn
318 2705 467 2782 tamqu'am
492 2704 509 2765 d
532 2707 606 2766 Sede
633 2710 789 2785 apostoliea
819 2710 942 2788 delegati
967 2709 1160 2778 executioni,
1183 2719 1214 2769 ct

204 2788 397 2847 observantiae
413 2788 501 2865 hujus
517 2790 625 2849 decreti
642 2791 799 2870 diligenter
813 2793 1214 2870 incumbantpereanonieos

204 2886 305 2949 poenos
318 2877 419 2931 contra
431 2871 633 2933 inobedientes
651 2892 756 2936 eorum
774 2877 900 2938 arbitrio
913 2874 1139 2937 constituendas.

568 3041 772 3106 DECRETUM
785 3048 837 3107 Vl.

482 3217 578 3298 Sttpcr
589 3215 730 3279 clausuro
739 3218 930 3282 Martialium.

242 3384 376 3446 Salutate
388 3385 421 3447 in
434 3384 576 3448 catholica
592 3389 718 3448 Ecclesia
732 3388 901 3451 institutum
912 3391 949 3452 ab
960 3393 1022 3471 ipsa
1034 3391 1217 3470 antiquitate

203 3480 370 3548 susceptum
384 3514 392 3544 ,
410 3489 442 3532 ae
456 3480 534 3533 tauta
550 3491 618 3533 cum
640 3474 838 3538 sollicitudine
852 3487 882 3538 et
894 3477 1031 3556 pastorali
1043 3479 1105 3537 zelo
1118 3487 1217 3538 eusto-

202 3551 316 3623 ditum‚
331 3564 365 3614 ut
383 3553 439 3614 ilos
455 3555 505 3614 ille
528 3557 712 3618 ecclesiastici
734 3562 893 3636 germinis,
908 3560 996 3620 decus
1018 3569 1106 3637 atque
1123 3579 1218 3620 orna-

203 3645 337 3695 mentum
360 3637 463 3716 gratiaa
486 3639 664 3720 spiritualis,
689 3642 755 3703 lucto
773 3643 902 3721 indoles,
922 3643 1016 3704 laudis
1036 3652 1067 3701 et
1087 3642 1218 3704 honoris
