2642 4150
433 161 511 218 Pars
523 155 660 220 scutuda.
680 159 776 239 Captet
786 162 814 221 1.
1087 167 1124 224 su

116 259 211 323 labuu
224 278 259 320 ac
272 257 382 319 uitium
396 256 538 318 ddieiuis.
546 254 651 318 litteris
664 257 843 343 uehementer
859 260 1037 340 impralari3
1050 259 1126 322 illud

117 342 236 425 quidem
247 343 352 402 uarias
365 338 479 420 farmus
487 349 574 419 atquc
582 342 689 419 specics
700 340 822 403 iuduere
827 387 839 419 ,
852 352 888 403 ut
898 342 996 413 fideles
1016 344 1126 407 Christi

118 420 1125 506 sauqaiuerestitutasiulibcrtatemetquatiam,rursdsincrtreruam

118 513 241 569 mirram
257 507 424 589 praecipites
434 504 568 587 impellat
576 531 588 581 ‚·
600 508 736 586 quocircti
743 508 772 568 si
778 511 933 587 pecuniam
941 529 1028 573 suam
1038 508 1124 572 eolla·

119 590 306 663 carradium,
327 589 484 669 diliqeuter
503 599 644 661 caueant,
665 610 702 651 ue
714 591 874 670 cupiditate
889 597 1021 656 amrium
1031 592 1123 657 malo·

118 694 188 735 rum
200 673 282 754 faute
299 675 483 754 rapiamur,
505 673 555 735 scd
576 674 676 754 potiris
697 674 733 737 ab
752 672 834 747 illis,
856 677 911 756 qui
926 676 1067 740 doctriua
1088 699 1123 739 ac

118 759 240 819 uirtutis
252 756 350 839 qlcrict
362 761 455 838 supra
465 766 580 819 caeteras
588 756 752 836 afferuntur
766 803 774 830 ‚
786 756 941 820 consilium
954 770 1120 842 exposcunt.

158 842 289 904 Secuudo
305 840 385 918 loca,
404 841 576 921 quiritibus
588 842 671 918 suis,
687 862 722 903 ac
734 842 889 924 sapicutioe
901 845 944 904 ita
960 844 1121 926 aufidum,

118 937 156 990 ut
177 944 348 1006 respersum
365 925 443 1004 ferre
457 924 492 986 de
511 925 550 986 iis
572 926 782 1004 quaestiouibus
801 946 862 988 uau
876 925 1024 1003 dubitent,
1045 930 1123 1009 (qua

120 1020 222 1072 tamen
236 1008 317 1070 lraud
336 1011 476 1089 cuiquam
488 1027 579 1070 sacrce
596 1008 756 1090 Tlrcalaqiae
767 1020 796 1071 et
809 1015 962 1073 Cauarum
973 1015 1123 1074 seientiam

120 1091 311 1170 sequium-t),
326 1092 364 1153 ab
380 1095 536 1167 extremis,
554 1110 621 1171 quae
633 1110 746 1173 semper
758 1095 863 1156 uitiosa
881 1103 973 1165 suut,
997 1091 1080 1176 tauqe
1093 1113 1122 1156 se

120 1176 291 1239 atsttmaut
305 1197 314 1234 c
328 1178 435 1237 eteuim
450 1173 545 1256 aliqui
560 1183 645 1237 tauta
665 1177 816 1239 seueritate
828 1178 863 1240 cle
885 1178 923 1240 iis
938 1178 1023 1240 relus
1037 1179 1125 1259 jacti-

118 1268 210 1335 cuut,
227 1268 263 1320 ut
282 1258 440 1340 quamlibet
459 1258 618 1321 utilitatem
642 1280 679 1321 ccc
692 1262 818 1341 pccum’a
837 1261 1019 1343 desumptam
1037 1282 1123 1323 accu-

117 1355 205 1416 sent,
221 1354 372 1423 tamquam
390 1342 543 1417 illicitam,
566 1354 671 1405 etcum
691 1364 786 1405 usura
799 1345 1004 1425 cunjunctam,
1023 1348 1124 1411 caute-d

119 1424 343 1491 uerd'uauuulli
363 1427 543 1509 iudulqautcs
561 1427 654 1500 adel,
676 1427 847 1506 remissique
867 1437 955 1499 saut,
979 1437 1014 1488 ut
1031 1428 1124 1506 quad·

120 1529 251 1591 curruque
262 1509 481 1573 emalumeutum
502 1511 539 1571 ab
558 1529 657 1572 ustum
673 1511 856 1590 turpitudine
875 1508 998 1573 liberum
1025 1513 1125 1573 estut-

119 1604 215 1658 meut.
238 1596 448 1676 Suisprivutis
470 1595 658 1676 apim'auilus
678 1614 714 1654 uc
743 1595 833 1656 reirais
858 1593 1048 1670 adiarcaut5
1074 1596 1125 1657 scd

113 1680 297 1765 priusquam
312 1698 484 1760 respausum
503 1680 643 1754 reddeat,
660 1678 761 1761 plures
770 1676 923 1761 scriptores
943 1680 1122 1753 acciturum,

118 1766 177 1847 qui
186 1767 282 1846 maqis
299 1765 377 1825 iuter
387 1773 502 1825 calecas
517 1763 740 1844 praedicatum,-
759 1763 860 1825 dciude
882 1784 932 1826 cas
946 1773 1045 1844 partes
1057 1784 1123 1826 sus·

116 1850 255 1929 cipiunt,
275 1849 428 1930 questum
446 1849 580 1918 ratione,
597 1847 658 1908 tum
675 1849 848 1910 accctaritatc
866 1847 955 1928 pluul
966 1848 1129 1926 carrfirma·

118 1945 170 1996 tus
189 1930 360 2014 iutelliqeut.
374 1931 459 2006 Qasr
470 1933 498 1992 si
510 1931 672 2012 disputatio
694 1933 851 2012 insumat,
865 1931 936 1991 diam
959 1941 1123 1992 rautractus

116 2018 232 2099 aliquis
249 2017 283 2078 iu
298 2035 422 2078 examen
444 2015 621 2086 addiscitur,
637 2013 729 2078 uullce
750 2017 871 2079 auraiud
894 2012 1124 2075 coutumeliam

118 2123 169 2166 cas
190 2102 422 2183 widmarum,
451 2103 511 2181 qui.
529 2101 710 2162 cantuariam
738 2098 913 2162 seutentiam
931 2106 1095 2177 sequautur
1113 2145 1122 2171 ,

117 2205 214 2267 aeque
229 2184 315 2245 illam
333 2184 473 2266 qravilrus
493 2184 623 2246 cerrsuris
646 2185 809 2246 uotaudam
830 2190 965 2245 asserant
980 2226 988 2253 ‚
1003 2184 1031 2244 si
1046 2202 1125 2262 prce·

116 2271 371 2338 susurratione,
388 2272 633 2351 etpraestautium
655 2270 787 2332 uirorum
811 2268 982 2330 testimoniis
1003 2270 1125 2332 minure

116 2365 219 2417 careat
233 2382 243 2416 .·
256 2354 400 2435 siquidem
414 2354 564 2424 cerevisia,
592 2363 680 2433 atquc
693 2354 815 2435 iujuriae
829 2352 978 2414 uinculum
992 2354 1124 2416 christie-

116 2461 169 2501 uce
181 2437 518 2519 claritatisiufriuquut
531 2484 538 2509 ,
552 2447 579 2498 ct
590 2438 798 2518 qrauissimam
812 2436 920 2518 papula
935 2438 1123 2515 affercsiaucur

116 2533 151 2585 et
163 2520 336 2584 scandalum
348 2541 412 2601 prce
421 2540 449 2582 sc
461 2522 576 2601 (erescit.

163 2607 261 2667 Tertia
282 2603 342 2668 laco
353 2653 363 2682 ‚
389 2608 441 2686 qui
463 2606 499 2667 ab
530 2606 614 2668 aruui
636 2622 735 2665 ussum
758 2602 820 2663 lale
849 2621 878 2663 sc
903 2604 1070 2672 immunes,
1096 2612 1125 2664 et

115 2693 250 2768 iuthras
260 2700 399 2770 praestare
413 2691 534 2762 uolunt,
553 2706 695 2769 secarique
709 2687 863 2767 pecuuiam
879 2686 924 2746 ita
940 2682 1027 2745 altari
1037 2686 1123 2760 dare,

114 2784 154 2836 ut
184 2771 315 2852 fluctum
337 2772 498 2854 lcqitimum
525 2771 706 2835 salurumadd
734 2769 920 2851 percipiant,
950 2768 1127 2834 admouendi

114 2865 261 2925 sunt,ut
285 2866 470 2925 coruraetum
491 2857 703 2919 instituendum
727 2858 813 2916 autcci
832 2854 995 2930 declareret,
1014 2865 1042 2917 et
1057 2877 1124 2918 cau·

115 2940 248 3003 ditiores
279 2941 446 3003 iuscrcudas
474 2942 638 3021 explicuit,
660 2951 688 3002 et
704 2959 790 3021 quem
806 2938 937 3019 scrutum
962 2960 997 3001 cu
1025 2941 1124 3006 eadem

112 3027 246 3107 prumia
264 3024 419 3105 postulent.
445 3031 516 3087 Ilaec
536 3030 712 3107 tuaquapcrl
731 3021 885 3105 carrseruut
907 3045 967 3087 crau
985 3026 1069 3092 madri
1085 3028 1125 3090 ad

114 3109 219 3170 arrirai
241 3105 465 3170 sollicitudiuem
482 3118 510 3170 ct
526 3110 679 3190 scrupulos
704 3107 876 3180 euitandas,
894 3109 944 3170 sed
968 3110 1009 3171 ad
1027 3115 1124 3191 ipsum

113 3200 301 3252 curctractum
321 3193 354 3251 iu
370 3191 437 3271 fara
452 3202 571 3263 exterus
584 3193 832 3274 comprabandam
847 3216 857 3252 .·
874 3192 935 3255 lucc
951 3195 1039 3255 etiam
1058 3194 1125 3254 udi-

114 3283 182 3336 tum
201 3273 404 3336 intercludam
414 3275 662 3355 disputatimiibus
674 3326 682 3347 ‚
695 3296 761 3357 quae
778 3295 839 3337 uau
850 3276 937 3337 semel
947 3276 1124 3339 coercitauda

114 3367 208 3427 suut,
222 3366 258 3418 ut
279 3357 358 3419 clari
375 3368 499 3439 pateat,
517 3361 618 3420 ulricus
633 3360 779 3439 pecunia,
799 3379 865 3440 quar
881 3361 938 3421 rite
952 3360 1024 3422 data
1039 3355 1126 3418 alteri

114 3459 178 3502 csse
189 3441 323 3518 uidetur,
339 3447 437 3503 reuerti
452 3451 547 3502 taureu
558 3440 720 3524 palliatam
732 3462 854 3504 usuram
868 3443 1024 3504 caretiueat.
1121 3471 1125 3478 ·

157 3525 274 3614 Quarta
294 3523 355 3588 laco
380 3543 430 3588 aas
450 3525 604 3611 hortamur
627 3547 664 3588 ue
688 3527 804 3592 aditum
824 3522 998 3660 reliuquqtis
1018 3522 1124 3599 imptis
