2642 4150
159 186 199 247 76
368 184 415 246 De
429 180 747 262 rectionemrelatis.
762 179 882 243 decretis
890 227 900 259 ,
915 188 967 244 cte.

159 302 248 363 grave
267 283 306 346 sit
318 282 459 345 delictum
479 283 599 343 illorum
614 282 797 360 perditorum
811 282 987 354 hominum,
1002 282 1052 360 qui
1066 294 1164 345 samo*

159 377 259 428 sancto
270 368 366 430 missae
376 366 538 438 sacrificiu,
552 384 585 425 ac
602 367 738 426 saluteris
755 367 937 445 paenitentias
957 377 1162 437 sacramento,
1188 389 1190 395 ·

160 452 196 511 ad
215 452 381 512 animarum
399 450 616 528 reparationem
635 449 652 510 ia
672 448 788 511 Christo
807 452 936 511 Domino
952 451 1112 524 institutis,
1130 452 1163 511 iu

161 535 281 596 illarum
320 535 481 614 perniciem
508 543 539 594 et
568 535 789 594 damnationem
816 533 1162 605 abutuntumdecrevit,

166 643 180 672 a
199 618 279 697 qudd
292 620 323 680 in
341 617 492 696 pusterlam
511 619 673 679 sacerdotes
691 627 753 679 tam
771 618 944 690 saculares,
965 617 1055 694 quam
1075 635 1166 697 regu·

161 728 176 759 ιι
200 703 275 764 lares
301 702 512 782 cujuscumque
543 703 674 774 ordinis,
697 703 845 773 instituti,
866 702 1114 781 congregationis,
1133 711 1167 764 et

164 812 179 842 a
203 789 348 851 societatis
371 789 461 847 etiam
485 786 523 846 de
542 788 714 847 necessitate
739 786 954 864 exprimendos,
975 787 1021 847 vel
1041 787 1072 847 in
1098 796 1166 847 ectu

163 895 177 924 a
200 872 414 932 sacramentalis
432 871 633 941 confessionis,
652 872 715 932 sive
728 873 808 931 illius
827 872 995 947 occasione,
1016 879 1067 930 aut
1089 890 1168 949 prae·

149 980 177 1010 ,ιι
201 963 300 1027 textu,
315 955 353 1014 ud
372 954 472 1032 turpia
487 954 692 1027 sollicitantes,
708 956 755 1016 vel
775 955 916 1015 sacrificio
929 957 1024 1017 misse
1041 956 1167 1014 abuten-

163 1063 177 1092 n
202 1048 244 1097 tes
264 1038 301 1097 ad
325 1037 491 1115 sortilegia,
506 1046 613 1116 praeter
633 1056 733 1116 poenas
753 1038 841 1114 juro,
855 1046 886 1098 ct
911 1039 1076 1115 apostolicis
1095 1056 1168 1098 con·

164 1149 178 1177 ιι
202 1122 426 1193 ditationibus,
444 1128 474 1180 et
496 1121 646 1200 signanter
659 1125 728 1184 San.
742 1126 830 1184 ilem.
847 1122 929 1185 sixti
948 1124 983 1184 V.
1006 1131 1037 1182 et
1059 1124 1169 1202 Grego-

164 1231 178 1259 ι
203 1205 244 1265 rii
248 1207 281 1266 X
285 1206 320 1266 V.
329 1215 432 1265 contra
444 1204 561 1265 cosdem
571 1204 713 1280 inflictas,
723 1217 894 1286 perpetuam
907 1207 996 1267 etiem
1006 1205 1170 1268 inhabilita-

165 1315 179 1345 ι
202 1291 313 1351 tionem
340 1290 494 1351 incurrant
519 1289 556 1348 ad
585 1291 696 1367 praefati
720 1291 853 1352 sacrificii
881 1290 1104 1352 celebrationem
1128 1313 1167 1369 ”3

164 1374 302 1453 quddque
315 1373 458 1452 ejusmodi
471 1375 623 1436 decretum
634 1376 815 1453 significetur
824 1376 947 1455 singulis
958 1374 1170 1454 cujuscumque

164 1459 276 1519 ordinis
289 1459 508 1538 superioribas,
523 1477 557 1518 ae
567 1462 747 1537 praepositis,
762 1460 798 1520 ad
818 1458 890 1527 hoe,
902 1468 937 1519 ut
947 1462 984 1521 de
997 1460 1048 1520 illo
1059 1504 1069 1532 ,
1082 1462 1168 1522 sicuti

164 1543 242 1604 etde
263 1544 429 1622 praedictis,
449 1545 574 1621 aliisque
595 1562 781 1605 summorum
794 1544 970 1604 Pontificum
985 1547 1171 1609 constitutio·

164 1628 253 1688 nibus
271 1627 355 1702 juxta
376 1630 581 1706 praescriptum
595 1632 626 1691 in
645 1631 774 1708 generali
790 1629 908 1690 decreto
919 1647 1062 1706 supremae
1073 1632 1173 1709 lnqui-

163 1713 277 1772 sitionis
293 1712 341 1771 die
353 1714 391 1772 ld
406 1713 575 1776 Decembris
594 1717 671 1775 tosa
690 1715 781 1775 semel
799 1714 902 1774 saltem
923 1713 955 1771 in
973 1731 1069 1785 anno,
1083 1715 1173 1775 idest

165 1795 249 1857 Ferid
268 1796 348 1855 sexta
365 1806 431 1874 post
443 1806 573 1856 octavam
590 1798 804 1877 assumptionis
825 1798 916 1858 beatoe
927 1798 1026 1858 llariae
1040 1799 1173 1876 Virginis

165 1879 198 1940 in
214 1878 331 1957 publica
353 1882 471 1951 Mensa,
485 1881 531 1942 vel
550 1881 582 1942 in
600 1884 729 1961 capitulo
751 1880 861 1942 adhoc
879 1881 1044 1958 specialiter
1061 1900 1174 1943 convo·

165 1972 248 2034 rato,
270 1982 303 2023 ae
325 1964 447 2041 insuper
466 1964 500 2024 in
529 1983 717 2045 quocumque
741 1964 894 2044 generali,
916 1966 964 2024 vel
997 1967 1173 2044 provinciali

165 2046 314 2125 capitulo,
329 2047 376 2107 vel
400 2048 457 2110 alio
480 2049 582 2126 quovis
600 2051 722 2111 nomine
738 2057 908 2127 nuncupato
925 2049 1079 2127 capitulari
1096 2068 1173 2111 con·

165 2150 266 2208 gressu
287 2150 355 2192 suos
374 2133 526 2203 subditos,
550 2152 583 2194 ae
604 2136 764 2212 Religiosos
789 2133 1019 2195 commonendos
1040 2143 1172 2207 curent,

166 2214 359 2294 ejusdemque
390 2217 631 2286 commonitionisv
654 2236 755 2279 coram
780 2235 916 2297 suprema
942 2219 1176 2297 congregatione

163 2298 298 2375 juratum
312 2300 514 2360 testimonium
526 2299 693 2365 exhibeant.

534 2471 736 2564 necamur
756 2475 807 2534 ιν.

267 2639 377 2700 Celetro
392 2635 585 2721 earafcssarioe
601 2642 785 2723 exquirentes
797 2660 903 2705 aaaron
915 2639 1072 2723 conplicis.

204 2807 264 2888 *uui
292 2806 424 2887 priminn
454 2808 491 2868 de
513 2826 651 2885 pervorsa
683 2810 810 2886 quadam
832 2820 863 2871 et
887 2812 1011 2873 absurda
1035 2811 1117 2889 praxi
1142 2811 1177 2871 in

169 2901 350 2952 sacramento
371 2893 551 2968 peanitentiae
568 2893 800 2955 administrando
825 2898 904 2973 apud
926 2896 1084 2957 nonnullos
1103 2913 1179 2955 cen·

169 2977 304 3036 iessarios
314 2976 345 3034 in
358 2975 543 3052 Portugallim
552 2982 581 3033 et
590 2976 795 3052 Algarbiorum
804 2980 1055 3057 regnisintroduci
1067 2989 1176 3057 empta,

170 3079 230 3121 non
242 3061 306 3118 sinc
327 3058 419 3118 animi
438 3060 531 3118 nostri
552 3059 671 3131 dolore,
687 3062 826 3121 nuntium
842 3065 1007 3141 accepimus
1028 3081 1089 3123 non
1114 3064 1178 3125 levi

170 3147 269 3220 aliquo
290 3144 460 3220 incertoque
481 3162 601 3204 runrore
623 3146 659 3205 ad
681 3162 733 3205 nos
755 3146 923 3222 perlatum,
942 3148 1053 3207 sedita
1076 3148 1178 3224 gravi-

169 3230 244 3301 bus,
256 3226 414 3304 solidisque
430 3227 626 3293 fundamentis
642 3229 798 3300 innixum,
815 3239 848 3289 ut
861 3230 1036 3307 prudentem
1050 3232 1177 3295 nmaind

169 3312 260 3373 fidem
281 3310 319 3371 de
343 3311 465 3389 periculi
485 3329 553 3370 cum
571 3313 710 3382 veritate,
724 3322 789 3372 tum
812 3314 1014 3391 magnitudine
1027 3314 1179 3392 lacerent3

170 3396 396 3473 praetermittere
418 3412 477 3453 nou
498 3396 755 3472 pot·uimus‚quiu
774 3395 916 3457 continuo
937 3397 1013 3455 datis
1027 3397 1066 3455 ad
1083 3413 1180 3458 vene·

169 3478 276 3537 rabiles
289 3479 404 3537 Fratres
418 3478 589 3538 eorumdem
602 3495 764 3555 regnorum
781 3497 814 3539 ae
836 3478 985 3539 ditionum
1007 3477 1180 3557 Archiepis·

171 3578 258 3639 copes
274 3570 304 3622 ct
315 3563 471 3642 Episcopos
486 3562 649 3639 apostolicis
661 3564 767 3625 nostris
783 3564 919 3639 Litteris,
935 3563 1100 3626 remedium
1122 3582 1182 3625 na·
