2642 4150
181 197 238 255 540
590 184 687 249 latrice
702 187 823 249 ilerum.
888 196 894 206 ’

180 294 224 355 td
255 292 466 355 Euclmristiam
490 307 526 351 ex
556 297 640 369 parte
667 288 784 349 animae.
804 306 836 347 u.
861 286 932 347 755.
957 284 1102 367 Explicio
1124 283 1193 349 444·-

178 381 267 457 poris.
291 397 323 438 o.
350 379 419 439 774.
454 376 532 453 Quid
554 376 579 435 si
609 374 676 454 quis
714 372 825 433 neseiat
847 370 974 432 hostiam
999 389 1062 434 4444
1087 392 1191 437 conse·

178 467 310 523 cratamt
327 481 358 524 n.
372 463 422 524 85.
443 481 473 523 4.
490 463 520 522 7.
545 458 705 538 Dispositio
717 457 790 538 legis
808 466 853 519 cst
867 457 991 532 cadem,
1013 456 1065 521 ubi
1084 461 1189 524 eadem
1222 474 1227 479 ·

178 548 271 608 currit
286 548 372 609 ratio.
394 544 416 605 4.
429 547 457 607 7.
468 564 500 607 44.
520 546 568 605 84.
582 541 636 603 surb
645 541 704 620 fin.

217 630 425 692 Dissertatio!
439 647 494 710 pro
510 647 564 688 usu
587 626 740 687 moderato
754 627 902 706 opinionis
927 627 1099 706 probabilis.
1119 628 1142 690 4.
1158 633 1185 693 4.

177 734 210 775 44.
227 717 276 776 55.
290 716 459 775 Dissertatio
470 717 517 775 11.
528 713 565 772 do
591 711 800 772 infallibilitate
818 713 933 773 Summi
948 712 1107 775 Pontificio.
1119 711 1140 774 4.
1156 718 1185 776 4.

177 818 210 861 tt.
234 801 302 861 440.
326 811 357 860 44
377 799 414 860 de
435 797 619 862 Auctoritate
644 797 731 873 Papae
753 814 843 874 supra
866 796 1033 859 concilium.
1060 816 1094 858 n.
1117 800 1186 860 474.

177 884 350 956 Dissertatio
371 884 409 950 de
433 883 592 948 ministro,
614 887 645 939 et
664 880 756 940 formo
776 880 968 941 matrimonii.
990 880 1010 941 4.
1025 883 1054 941 o.
1070 902 1102 942 n.
1118 884 1186 945 898.

176 968 347 1029 Dissertatio
369 970 444 1029 cirea
464 965 693 1046 Conceptionem
716 966 749 1025 Β.
766 964 865 1026 4444444
887 967 970 1043 virg.
985 962 1006 1026 4.
1022 967 1050 1027 7.
1065 985 1098 1028 44.
1117 970 1185 1028 744.

212 1053 367 1113 1744444444
383 1054 439 1115 4444
451 1070 516 1132 quaa
529 1059 647 1110 excuset
664 1048 701 1108 ab
718 1048 861 1109 audienda
876 1050 971 1110 iiissa.
987 1047 1008 1111 4.
1025 1053 1055 1112 4.
1070 1071 1102 1112 44.
1117 1054 1183 1113 579.
1296 1067 1297 1116 ἴ

214 1134 405 1214 utsttttctto,
427 1146 458 1198 et
489 1131 656 1197 Distiilore.
680 1134 837 1194 Distillatio
864 1136 1029 1196 voluntarla
1048 1153 1199 1208 venerea„

175 1217 197 1282 4.
212 1222 242 1282 4.
253 1239 285 1282 44.
299 1223 366 1283 477.
380 1224 426 1283 An
445 1221 531 1282 liccat
543 1220 575 1280 in
590 1218 671 1278 iestis
685 1217 828 1279 distillare
840 1216 973 1279 herbas?
987 1216 1010 1281 4.
1023 1221 1055 1280 4.
1069 1238 1103 1290 n,
1115 1224 1182 1283 787.

213 1303 374 1367 Dictioctio
400 1305 533 1383 specifica
569 1311 767 1382 peecatorum.
788 1299 811 1366 4.
834 1305 865 1364 7.
895 1322 931 1364 44.
953 1304 1005 1366 50.
1027 1305 1184 1372 Distiactio

176 1391 337 1454 numerica.
356 1389 428 1468 44444.
443 1409 475 1451 n.
492 1393 541 1452 55.

211 1475 392 1547 1744444404,
408 1486 438 1536 44
457 1476 634 1536 Distraotus.
648 1474 804 1535 Distraello
823 1473 977 1553 culpabilis
988 1474 1021 1535 in
1035 1475 1122 1536 Horis
1138 1494 1185 1535 ca,

176 1562 300 1628 nonicis.
323 1560 344 1621 4.
364 1563 393 1622 5.
408 1582 440 1622 44.
458 1563 524 1629 tto.
549 1561 689 1621 llemedia
710 1568 810 1620 contro
827 1559 1039 1620 distractiones.
1062 1578 1094 1620 n.
1114 1561 1183 1621 477.

173 1664 203 1706 4.
223 1643 370 1718 4444444444.
384 1646 547 1705 Distraeius
564 1647 595 1704 in
616 1645 833 1705 consecratione
852 1662 912 1703 non
937 1643 1022 1703 debet
1035 1654 1184 1721 repetere.

173 1729 196 1790 4.
211 1731 240 1791 0.
254 1748 287 1788 44.
307 1731 357 1789 75.
374 1748 403 1789 4.
417 1730 446 1789 5.
463 1738 491 1790 44
508 1749 541 1790 44.
567 1730 635 1789 774.
654 1747 683 1789 o.
708 1726 895 1789 Notandum.
914 1729 1066 1788 Distraetio
1085 1730 1117 1808 in
1134 1748 1186 1789 ce-

173 1814 335 1876 lebratione
352 1813 500 1892 quodnam
520 1819 695 1892 peccatum?
711 1831 744 1871 4.
764 1813 832 1873 440.
851 1810 933 1875 Dub.
954 1812 983 1872 5.
1004 1812 1134 1873 Censura
1149 1814 1185 1874 iu

173 1897 305 1961 dicentes
318 1898 448 1960 officium
466 1895 615 1959 distracti.
636 1894 657 1958 4.
677 1900 706 1959 7.
729 1915 761 1958 tt.
777 1899 826 1959 55.

209 1980 458 2059 Distributiones,
473 1984 542 2044 ride
551 1981 729 2045 0444444444.

211 2070 312 2132 Diues.
327 2069 374 2130 An
390 2067 472 2129 dives
485 2067 637 2129 satisiaciat
650 2067 811 2129 mutuando
824 2069 948 2149 pauperi
966 2069 1099 2132 extremi
1113 2071 1184 2131 indi·
1298 2132 1299 2147 p

172 2155 275 2234 gentil
293 2151 314 2216 4.
329 2155 359 2214 4.
371 2173 404 2225 44.
419 2156 487 2227 570.
507 2156 564 2228 Qu.
579 2155 608 2214 5.
621 2156 667 2221 tin
687 2155 770 2221 dives
789 2173 850 2214 non
863 2155 1040 2215 subveniens
1063 2157 1182 2234 pauperi

171 2243 204 2313 in
222 2247 353 2299 extrema
370 2239 537 2306 necessitate
549 2239 729 2306 teneaturad
743 2240 984 2299 restitutionem?
998 2239 1071 2302 ibide
1085 2241 1141 2314 Qu.
1151 2242 1181 2300 4.
1298 2308 1299 2319 ¹

171 2325 218 2397 An
235 2322 360 2395 artifices
375 2321 480 2382 divites
495 2332 674 2383 excusentur
694 2321 711 2383 4
726 2322 866 2402 jejunio?
879 2321 931 2384 tit.
952 2327 982 2384 4.
995 2342 1079 2397 aaron.
1095 2326 1181 2385 4047.

172 2409 261 2470 Diues
278 2407 411 2470 sacerdos
428 2425 466 2467 an
479 2408 571 2486 possit
588 2408 770 2486 stipendium
785 2409 938 2486 acciperet
950 2406 972 2470 4.
987 2412 1017 2469 0.
1031 2430 1062 2485 44.
1076 2412 1144 2471 547.

209 2491 366 2555 Divinatio
375 2491 485 2569 quidet
498 2492 681 2570 quotuplex?
695 2489 717 2553 4.
730 2497 758 2554 4.
775 2512 806 2553 ta.
825 2495 854 2553 5.
870 2502 898 2554 44
910 2496 940 2554 o.
954 2495 1001 2567 An
1013 2513 1130 2573 semper
1143 2497 1182 2555 sit

173 2578 329 2641 mortalis?
346 2596 378 2636 4.
393 2578 424 2637 7.
438 2583 465 2651 44
481 2577 557 2637 844
575 2577 661 2637 liceat
675 2578 810 2638 divinare
825 2578 926 2638 lutura
942 2595 995 2658 per
1006 2581 1142 2640 somnia?
1152 2599 1182 2638 n.

172 2668 202 2727 0.
219 2667 263 2724 dn
278 2680 333 2743 per
349 2665 466 2735 sortes?
477 2680 508 2737 44.
524 2661 574 2722 44.
590 2663 757 2747 Astrologia
780 2665 947 2739 naturalis,
971 2672 1001 2726 et
1013 2662 1182 2741 judiciaria.

172 2768 206 2809 44.
225 2751 273 2810 40.

210 2834 351 2899 Divinus·
373 2833 606 2896 Communicatio
625 2837 657 2897 in
675 2834 790 2915 diuinis¹
809 2853 878 2900 cum
899 2834 1032 2896 vitando.
1053 2832 1075 2894 4.
1097 2835 1128 2893 7.
1149 2851 1182 2892 44.

173 2920 238 2980 475.
250 2919 323 2979 Cum
337 2918 472 2979 tolerato.
488 2938 521 2979 n.
545 2921 614 2980 459.
633 2919 713 2994 Quid
730 2919 830 2981 veniat
850 2921 970 2980 nomine
983 2920 1182 2991 divinorumi

172 3020 204 3073 44.
217 3003 284 3063 477.
299 3004 424 3064 cessatio
436 3002 453 3063 i
471 3003 590 3065 divinis.
603 3001 625 3063 4.
640 3006 671 3063 7.
683 3022 715 3063 44.
727 3004 757 3064 4.
772 3012 801 3065 44
811 3007 879 3071 540.
892 3024 926 3064 44
936 3005 1006 3066 587.

208 3085 389 3159 Dimallum,
401 3088 524 3161 Quando
537 3088 699 3153 divortium
709 3087 775 3148 fieri
794 3089 908 3167 possit?
922 3085 944 3148 4.
961 3090 991 3148 6.
1007 3106 1040 3163 n.
1056 3084 1125 3149 955.
1139 3088 1182 3147 De

170 3172 300 3237 diuortio
327 3172 424 3262 quoad
453 3170 615 3233 uinculum.
634 3191 666 3232 44.
688 3172 756 3232 ato.
778 3173 856 3246 Quid
881 3174 905 3246 si
928 3190 1006 3232 unus
1024 3171 1183 3249 conjugum

171 3265 361 3319 eonvertatur
380 3256 417 3316 ad
430 3258 518 3317 fidem
528 3263 543 3315 7
554 3276 586 3316 44.
601 3257 669 3325 957.
684 3255 762 3328 Quid
777 3258 801 3315 si
820 3256 1043 3316 matrimonium
1060 3254 1099 3315 sit
1119 3266 1185 3314 tan-

171 3340 237 3406 ttim
250 3345 370 3412 4444447
383 3360 414 3401 tt.
430 3343 498 3401 958.
514 3343 558 3405 An
570 3343 645 3418 Papa
665 3342 757 3418 possit
770 3343 801 3407 444
812 3359 847 3400 44
861 3341 1052 3419 dispensare?
1065 3358 1098 3400 u.
1113 3339 1183 3401 950.

171 3428 216 3487 Dc
226 3426 352 3487 divortio
364 3425 461 3505 quoad
475 3424 604 3496 thorum.
619 3443 650 3483 44.
667 3424 736 3484 900.
753 3424 923 3486 Divertium
938 3424 977 3484 ob
989 3425 1182 3493 adulterium.

172 3514 207 3575 4ιί
225 3510 293 3570 960.
321 3509 539 3569 Ob'soeriliam.
562 3526 594 3567 n.
613 3506 681 3568 970.
704 3509 778 3582 Quia
806 3510 881 3569 alter
909 3508 1016 3586 conjux
1034 3508 1125 3568 4444444
1152 3510 1185 3570 44

173 3600 335 3682 peccatum.
348 3611 380 3654 4.
390 3594 459 3667 975.
469 3595 515 3658 Ob
528 3592 672 3676 4444444444.
683 3611 715 3664 u.
728 3592 985 3666 974044444444
996 3610 1184 3663 consensum.
