2642 4150
153 226 220 289 ‘208‘
381 225 385 232 ’
572 222 728 304 Appendiu

152 329 291 394 scierunt,
313 325 368 385 nisi
391 324 458 385 crim
479 325 519 385 itu
536 325 605 383 libri
628 324 878 383 Priscillianorum
900 325 1021 384 sonunt
1036 328 1160 406 vulgati.

152 410 267 469 Pariter
278 409 309 469 S.
327 408 467 470 Turibiua
487 409 519 468 in
531 410 590 467 suis
602 407 637 466 ad
651 405 808 478 Idunum,
826 407 985 486 Coponium
996 418 1026 470 et
1043 413 1082 469 B.
1094 413 1164 472 Leo-

153 511 220 566 nem
241 492 371 570 epistolis
391 493 609 568 corruptionem
634 491 765 561 iberiae,
791 499 822 549 et
841 491 941 551 Galliae
961 493 1165 554 Narbonensis

154 576 309 652 deplorat,
331 576 369 636 ob
385 576 526 652 quosdam
549 575 676 634 notarios
694 574 806 644 libros,
820 591 893 650 quos
911 575 1028 634 unicam
1047 576 1167 637 dicebat

154 678 272 719 eausam
299 659 494 719 saisselinus
522 659 635 735 stragis.
660 655 806 734 Euunbee
823 658 948 716 invictus
977 667 1063 719 antea
1091 660 1164 721 fidei

155 743 311 811 defensor,
333 743 367 803 nd
391 759 479 800 ernam
499 742 654 800 lectionem
669 740 739 799 libri
754 740 905 814 enjusdam
929 740 1080 802 llaniehaei
1097 762 1166 803 mu·

157 835 234 884 tatus
251 836 294 885 est
308 829 339 885 in
368 826 522 884 infandum
547 831 635 901 eaput
659 823 921 883 innumerabilium
944 823 1164 887 haeretieorum.

147 926 151 933 ’
163 909 234 969 Vide
246 916 387 971 airastus.
403 907 513 970 sinuit.
530 905 582 968 lib.
595 914 697 967 contro
712 905 871 987 Aeepbuloe
885 926 910 967 e.
922 909 951 968 o.
963 916 992 968 et
1006 910 1054 970 li.
1063 912 1167 970 Postea

159 993 210 1052 illo
234 994 266 1053 in
292 995 471 1054 monasterio
495 992 632 1052 detentus
663 991 772 1048 mutire
798 1000 1001 1068 conclusam,
1026 991 1077 1052 sed
1100 992 1167 1069 ejus

60 1145 66 1156 ,
158 1078 287 1154 deripio,
312 1078 403 1155 ipsius
429 1077 547 1137 silentio
579 1092 639 1135 non
668 1074 828 1143 obstante,
858 1073 895 1133 ad
920 1075 1071 1135 Orientem
1099 1094 1167 1135 eor·

159 1161 359 1238 rumpendum
379 1159 516 1241 progredi
544 1176 604 1217 non
624 1166 783 1216 cessarunt.
803 1152 947 1217 Julianus
973 1155 1169 1219 Halicarnas-

160 1261 238 1305 toene
255 1247 286 1305 in
305 1246 387 1304 Caria
404 1263 439 1305 ex
460 1244 584 1303 lectione
598 1242 744 1301 librorum
762 1238 942 1300 Valentinila
959 1241 1017 1301 fide
1029 1243 1170 1302 similiter·

138 1327 268 1388 'misere
286 1329 404 1388 deiecit.
424 1330 563 1387 Anactes.
583 1325 624 1385 ib.
646 1326 693 1384 Sic
706 1332 737 1383 et
751 1325 875 1395 Avitus,
896 1324 1046 1403 presbyter
1066 1324 1169 1403 hispa-

162 1427 238 1481 nus,
259 1412 382 1490 legendo
400 1411 509 1489 scripta
530 1408 686 1489 Oripenia,
701 1408 835 1485 quamvis
851 1406 940 1466 simul
963 1408 1068 1485 legeret
1085 1410 1171 1484 ipso·

162 1509 231 1553 rum
251 1496 500 1564 commotionem,
519 1501 550 1551 et
567 1510 621 1569 per
642 1491 856 1569 Hieronymum
877 1490 1045 1550 admonitus
1066 1491 1174 1550 luisset

163 1576 201 1634 ab
216 1579 367 1637 erroribus
382 1596 413 1636 se
428 1594 554 1645 cavere,
577 1575 659 1633 virus
682 1585 780 1633 tamen
812 1573 919 1650 rejecta
943 1575 1106 1635 monitione
1126 1576 1175 1634 le-

164 1655 283 1719 thaliter
303 1661 465 1719 absorbuit.
488 1661 604 1719 Boron.
635 1657 676 1717 od
702 1676 752 1716 un.
773 1659 853 1729 ill,
880 1676 912 1717 n.
938 1660 969 1717 i.
998 1653 1175 1717 Luctuosids
1225 1710 1229 1720 ,

166 1743 313 1804 Henrince
331 1742 510 1803 Bulincerua
522 1742 627 1801 doctor
639 1740 818 1813 catholicus,
837 1742 908 1802 olim
930 1742 1077 1820 piissimus
1090 1737 1175 1812 ‚imo

164 1826 353 1903 perfeetionis
367 1827 513 1904 cupidus,
541 1842 611 1883 mox
630 1822 668 1882 ad
687 1822 894 1885 Caribusianos
913 1826 1115 1902 ingressurus,
1137 1821 1176 1880 in

164 1910 276 1970 librum
289 1908 392 1970 inridit
408 1905 620 1980 Memnonia,
636 1907 652 1967 l
667 1906 750 1983 eujus
764 1908 890 1968 lectione
905 1906 972 1968 lieet
990 1907 1089 1966 divina
1100 1921 1178 1964 voee

166 1991 293 2054 interlita
310 1993 487 2064 exterritus,
507 1998 606 2050 minen
617 1990 653 2050 ad
664 1991 821 2068 legendum
834 1990 850 2050 b
862 1992 995 2051 damone
1009 1989 1176 2068 impulsus,

166 2079 257 2155 legit,
277 2087 307 2138 et
327 2077 455 2149 eeeidit‚
473 2078 573 2152 sieque
591 2093 627 2133 ex
646 2075 740 2152 probo
764 2077 818 2134 Dei
841 2076 977 2135 ministro
996 2074 1096 2133 inlelix
1115 2071 1179 2130 nri·

167 2161 261 2219 nister
281 2169 389 2220 satanae
404 2161 506 2233 evasit.
526 2157 596 2218 Vide
608 2157 739 2218 Dietion.
763 2161 879 2218 Portet.
900 2157 977 2218 verb.
1000 2153 1175 2236 Zuinqlins.

166 2242 365 2322 Hieronymum
391 2240 505 2319 Wieleff
517 2250 583 2319 post
608 2243 717 2300 multos
747 2241 897 2318 improbos
916 2258 983 2300 suos
1007 2241 1120 2300 labores
1142 2238 1178 2298 in

167 2326 270 2402 Anglia
285 2325 400 2397 editos,
418 2324 511 2384 donee
528 2341 580 2382 ore
596 2324 750 2395 decuerit,
775 2323 850 2382 nibil
871 2322 957 2402 poene
977 2322 1034 2382 nisi
1061 2322 1179 2398 impro-

168 2409 250 2487 peria
274 2410 455 2486 reportarit,
473 2417 504 2467 et
526 2409 716 2485 paucissimos
742 2408 809 2467 iecit
828 2409 874 2466 sui
893 2407 1002 2467 erroris
1019 2405 1180 2481 sectarios3

168 2501 199 2551 at
219 2492 271 2552 ubi
292 2494 418 2552 nefarios
439 2509 506 2551 suos
524 2492 615 2552 libros
629 2490 769 2565 diffudit,
786 2499 879 2549 totam
891 2534 900 2560 ‚
912 2506 1001 2566 quam
1012 2505 1180 2564 numquam

169 2575 268 2647 vidit,
296 2574 467 2636 Bohemiam
488 2575 616 2652 perdidit
637 2619 645 2647 ,
677 2584 1037 2651 potumquevenenatum
1061 2578 1091 2629 et
1111 2571 1181 2630 aliis

170 2656 315 2736 tradidit;
332 2657 400 2719 cirm
418 2659 498 2718 enim
516 2661 648 2718 loannes
669 2661 736 2718 Hus
762 2653 885 2737 Wideffi
903 2657 994 2715 libros
1011 2654 1029 2713 b
1046 2654 1180 2730 quodam

170 2741 320 2813 bohemo,
338 2744 389 2820 qui
411 2741 530 2802 Oxonioe
544 2742 717 2811 studuerat,
735 2742 913 2817 recepisset,
935 2739 1106 2798 eorumdem
1120 2740 1178 2800 im·

171 2826 251 2901 piam
286 2825 450 2884 doctrinam
478 2824 611 2900 undique
636 2824 865 2883 disseminavit:
894 2820 1012 2883 Coclena
1035 2823 1068 2881 in
1094 2821 1178 2883 Hiat.

172 2907 375 2968 Hnaaitornnu
396 2905 467 2967 Vide
485 2907 575 2966 etiam
597 2909 676 2965 Bon.
699 2904 838 2965 Blacciot.
855 2905 888 2964 in
912 2905 990 2965 notia
1011 2903 1178 2964 ndTleone.

177 2985 325 3067 Woldene.
353 2988 393 3049 od
417 2992 519 3049 Docte.
539 2992 570 3048 o.
597 2986 728 3067 Wieleffi.
753 2990 944 3058 omittimus,
966 3006 1005 3047 ne
1028 2988 1180 3064 longiores

172 3072 281 3142 simus,
301 3071 356 3128 alia
377 3072 483 3130 similia
504 3071 657 3147 exempla,
681 3090 747 3148 quae
769 3073 800 3129 in
819 3071 948 3131 historiis
966 3073 1072 3149 passim
1094 3071 1180 3130 inre-

174 3153 464 3213 plantandarum
486 3153 609 3213 eruditis
631 3156 744 3214 eunetis
763 3163 860 3231 patet,
874 3171 963 3212 novas
978 3152 1104 3226 haereses
1116 3154 1181 3214 sere

172 3252 290 3312 semper
307 3235 480 3309 exhaustam,
500 3244 531 3296 et
543 3237 702 3314 exscriptas
719 3238 807 3297 foisse
819 3254 856 3297 ex
875 3236 960 3298 libris
980 3236 1109 3297 aliorum
1129 3231 1181 3295 vess

173 3329 270 3381 terum
291 3316 506 3380 haeretieorum.

211 3402 264 3463 Vl.
279 3401 354 3461 Hine
374 3403 493 3463 concilia
504 3446 512 3475 ,
523 3403 697 3477 Pontifices,
714 3423 748 3464 ae
759 3404 800 3483 pii
813 3405 981 3483 principes,
999 3411 1029 3464 et
1040 3405 1179 3481 calamo,

106 3554 110 3559 ·
172 3491 204 3544 et
222 3501 315 3555 voce,
338 3490 369 3544 et
386 3486 534 3556 censuris,
554 3494 585 3545 et
607 3487 672 3544 aliis
693 3491 787 3566 peanis
811 3489 865 3547 toti
885 3487 1005 3547 luerunt
1023 3488 1061 3546 ad
1086 3491 1188 3548 extir-'

173 3566 286 3640 pandos
304 3567 413 3643 libros,
431 3569 483 3646 qui
505 3568 613 3644 fidem,
637 3578 689 3631 aut
712 3588 810 3634 meres
828 3570 1035 3651 quoquomodo
1056 3572 1182 3635 inlicere
