2642 4150
148 187 213 249 958.
479 178 842 256 8766656606667766666

149 289 181 347 16
202 285 258 347 hoo
276 284 445 364 amplexata-
460 291 505 344 est
522 282 666 361 opposita.
685 278 755 343 Vide
777 278 800 339 7.
818 281 848 339 5.
866 291 904 340 ιι.
916 279 1044 358 15.’(1ιι;
1068 275 1152 341 eoo.

151 366 250 432 116657.
264 366 286 428 7.
302 370 332 429 9.
349 387 382 428 ιι.
396 365 459 445 tt.)

188 456 247 528 Qu.
281 451 330 514 55.
369 454 417 513 Aa
449 450 641 513 consessaaius
672 449 705 509 in
736 448 854 510 mortali
873 448 1034 509 successive
1061 449 1163 510 absol·=

150 536 331 615 vensplures
349 539 524 616 poenitentes
543 552 635 594 unum
648 543 799 612 peecatum
823 534 988 594 committat
1008 531 1074 610 (667.
1089 534 1157 596 565.

151 640 180 681 6.
203 623 248 682 11.
275 620 379 696 Quoad
397 619 505 696 66766.)
524 619 584 678 visa
605 627 649 677 est
672 617 833 696 probabilis
863 618 965 696 opinio
982 618 1159 678 affirmativa

152 722 219 763 enm
234 702 418 784 86766169.
442 702 518 765 11166
532 747 541 776 ,
568 702 656 781 Sper.
670 709 721 761 eta.
738 701 793 761 Sed
812 701 845 761 16
859 700 915 763 hoe
936 702 1092 781 reprobata
1103 710 1159 762 est.

157 788 229 852 Vide
246 787 268 852 7.
289 794 318 851 5.
336 811 368 852 ιι.
391 794 439 851 50.
458 808 488 850 6.
514 792 571 865 Qu.
599 790 628 848 6.
651 789 703 864 (16
731 787 815 849 Edit.
836 786 944 849 1166767.
959 786 982 849 7.
1001 791 1032 853 9.
1046 808 1078 849 ιι.
1099 787 1163 863 50.)

190 875 248 947 Qu.
283 878 332 936 51.
365 877 412 936 dn
442 874 516 935 eitra
544 873 767 934 infamationem
789 874 880 951 possit
902 873 969 951 quis
1001 872 1163 934 dissolvere

154 959 314 1020 amicitiam
340 958 489 1036 alicujus,
513 959 660 1018 narrando
683 957 746 1033 ojus
769 956 898 1016 deiectus
931 959 1104 1030 naturales,
1128 965 1164 1017 ιιι

155 1043 216 1119 ipse
234 1044 367 1104 succedat
379 1044 442 1104 loeo
463 1039 600 1121 expulsi?
619 1044 653 1101 ln
667 1046 764 1120 primo
788 1041 865 1100 lilno
878 1039 943 1118 (667.
967 1043 1036 1102 576.
1051 1041 1100 1108 lie.
1111 1042 1165 1118 A.)

155 1128 250 1188 relata
268 1138 315 1189 eat
332 1130 435 1208 opinio
460 1126 633 1186 affirmativa
655 1123 802 1188 Sulmuut.
824 1127 908 1193 Soti,
929 1128 1041 1187 Bonae.
1069 1130 1162 1210 6669.

155 1209 337 1286 Prodo,etc.
360 1212 418 1272 Sed
438 1212 469 1271 in
489 1209 546 1271 hoe
569 1210 732 1287 amplexata
753 1218 797 1268 est
818 1210 962 1287 opposita.
985 1209 1057 1272 Vide
1084 1211 1107 1276 7.
1130 1215 1164 1278 5.

155 1312 188 1355 ιι.
206 1298 256 1358 79.
276 1316 304 1357 6.
322 1297 369 1355 :lu
391 1294 466 1356 61166
488 1295 538 1373 (16
558 1292 641 1354 Edit.
660 1292 756 1354 Maelo.
775 1288 797 1352 7.
818 1295 849 1353 9.
870 1310 904 1353 ιι.
928 1293 991 1371 79.)

194 1382 251 1453 Qu.
281 1384 331 1442 55.
357 1382 403 1440 An
423 1381 510 1441 liceat
534 1396 565 1438 se
590 1378 738 1438 inebriare
760 1393 796 1436 ex
815 1378 936 1438 oonsilio
955 1378 1165 1454 medicorum,

156 1466 181 1525 si
202 1465 359 1526 inebriatio
378 1466 540 1524 aestimatur
555 1464 714 1523 neeessaaia
732 1461 768 1520 ad
781 1462 919 1522 morbum
932 1466 1170 1541 expellendum?

157 1553 191 1612 ln
212 1552 310 1629 primo
330 1549 407 1609 libro
420 1545 484 1624 (667.
505 1549 570 1608 577.
591 1567 621 1608 6.
649 1549 680 1607 2.
703 1547 772 1607 Νοιι
788 1545 855 1624 eat.)
866 1546 988 1607 adducta
1008 1559 1051 1608 est
1063 1552 1184 1627 opinio‘

157 1635 332 1695 affirmativa
343 1636 416 1693 1166.
437 1629 520 1711 Sylo.
548 1630 612 1711 Cuj.
633 1630 744 1705 lossii,
764 1626 858 1690 86766.
869 1638 922 1690 ete.
935 1629 992 1690 Sed
1007 1627 1074 1693 vide
1086 1652 1169 1709 qno·

158 1717 297 1778 meddin
329 1716 385 1776 hoe
407 1719 533 1777 limitato
549 1717 599 1776 eit.
621 1717 658 1777 L.
683 1717 715 1774 5.
737 1733 771 1775 ιι.
796 1715 847 1775 76.
873 1716 932 1790 Qu.
952 1714 1047 1793 1.(1ιι
1076 1714 1167 1778 Edu.

160 1798 464 1878 516616776676.)
975 1805 977 1809 ’
1013 1835 1016 1840 -

196 1886 256 1959 Qu.
279 1888 327 1947 56.
351 1888 397 1947 ln
425 1888 510 1946 liceat
537 1901 569 1945 se
602 1883 752 1945 inebriare
782 1883 820 1944 od
841 1884 993 1945 vitandam
1016 1891 1170 1957 mortem,

157 1988 245 2050 quam
270 1971 345 2031 alter
369 1970 396 2029 ei
419 1970 645 2030 minitatuetln
668 1970 763 2046 primo
784 1969 863 2028 libro
880 1965 945 2046 (ool.
970 1969 1038 2029 578.
1057 1966 1105 2031 711.
1122 1970 1169 2049 C.)

158 2058 234 2117 dieta
251 2065 295 2118 est
310 2055 469 2136 probabilis
485 2054 587 2133 opinio
604 2054 777 2114 affirmativa
794 2053 903 2126 lesaii,
923 2056 1028 2135 leym.
1051 2056 1168 2116 Bonae.

159 2145 234 2203 Bata.
258 2149 311 2201 ete.
334 2142 391 2202 Sed
420 2141 451 2202 in
484 2139 540 2200 ltoo
570 2140 732 2217 amplexata
754 2149 797 2200 est
821 2142 966 2218 negativa.
989 2138 1061 2202 Vide
1086 2139 1109 2201 7.
1135 2144 1175 2202 5:
1212 2146 1220 2152 “

159 2243 191 2285 ιι.
210 2225 259 2285 76.
278 2226 335 2299 Qu.
351 2227 397 2287 11.
410 2222 555 2301 (16116167.
571 2219 712 2284 51661677.
728 2227 759 2283 9.
770 2243 805 2283 ιι.
818 2226 868 2284 76.

197 2309 255 2381 Qu.
270 2308 318 2368 57.
334 2310 379 2368 An
400 2307 555 2368 satisfaciat
571 2350 579 2378 ,
599 2309 651 2384 qui
670 2327 702 2368 se
718 2310 877 2368 confitetur
900 2318 1034 2388 tempore
1046 2311 1171 2372 missae?

159 2394 194 2452 16
225 2391 323 2470 primo
354 2391 431 2451 libro
461 2387 526 2470 (667.
558 2393 627 2452 tto.
658 2394 759 2466 Quoer.
784 2392 828 2471 9.)
855 2393 978 2453 adducto
998 2403 1044 2453 est
1065 2397 1171 2474 opinio

160 2474 332 2536 affirmativa
353 2473 465 2547 Petet,
488 2475 641 2553 uerendi,
660 2477 806 2537 Lot-Croix
821 2521 829 2546 ‚
845 2475 971 2538 Piehler.
991 2478 1097 2539 Golut.
1114 2488 1168 2543 eto.
1235 2552 1239 2559 ,

160 2557 249 2620 modi)
268 2560 367 2638 aliquo
389 2560 477 2622 modo
490 2561 621 2620 attendat
639 2562 727 2620 simul
740 2561 777 2619 ad
798 2562 926 2622 missam.
939 2562 997 2622 sed
1014 2561 1080 2624 vide
1096 2560 1118 2623 7.
1135 2565 1168 2624 5.

159 2670 198 2713 ιι.
214 2644 343 2723 olette
361 2643 566 2707 aditnent.
586 2643 609 2705 7.
622 2649 652 2706 l.
669 2665 701 2704 ιι.
719 2645 800 2722 stt.)

198 2737 256 2809 Qu.
279 2732 327 2791 58.
348 2731 395 2789 An
416 2731 511 2793 liceat¹
530 2730 641 2808 aliquid
662 2731 794 2808 accipere
815 2749 870 2808 pro
895 2735 1108 2795 sustentatione
1122 2737 1169 2795 16-

162 2816 288 2896 gressuri
303 2815 328 2872 si
347 2816 557 2874 monasterinm
575 2817 613 2873 sit
630 2816 827 2892 opulentum?
840 2818 873 2874 ln
892 2818 990 2893 primo
1010 2818 1087 2879 libro
1101 2817 1168 2898 (667.

161 2901 230 2961 150.
248 2918 277 2958 6.
301 2895 356 2958 Sed
378 2899 547 2976 queritur.)
571 2900 662 2958 relata
691 2909 735 2959 est
759 2902 860 2977 opinio
879 2898 1051 2961 affirmativa
1074 2901 1169 2965 Salat.

162 2978 545 3046 Ν66.1’67.Ρ67.86661ι.
569 2986 648 3044 Bon.
673 2987 736 3045 Set.
763 2993 816 3044 ιιι.
838 2986 893 3044 Sed
923 2989 955 3046 in
977 2986 1033 3047 hoe
1057 2991 1172 3066 ample·

131 3124 138 3143 ,
162 3078 228 3128 xata
246 3074 289 3125 est
308 3068 450 3142 opposito.
479 3066 548 3129 Vide
569 3065 591 3128 l.
604 3069 636 3128 5.
660 3088 695 3129 ιι.
717 3071 767 3130 99.
792 3087 822 3130 6.
845 3069 988 3131 86666676.
1010 3075 1062 3153 (16
1084 3071 1170 3134 Edit.

161 3147 268 3213 Mectt.
284 3147 305 3210 7.
320 3152 349 3210 l.
364 3169 394 3210 ιι.
408 3150 470 3226 99.)
795 3174 801 3187 ·

199 3236 257 3308 Qu.
284 3236 331 3294 59.
350 3237 396 3296 66
413 3236 446 3294 16
458 3245 640 3298 sacramento
653 3239 793 3316 Baptismi
814 3256 890 3318 aqua
903 3241 942 3301 sit
962 3241 1143 3303 1616666666
1159 3290 1169 3316 ,

163 3318 235 3383 ditm
255 3327 321 3379 actu
352 3320 491 3379 dicituro
519 3321 558 3379 Te
574 3317 718 3400 baptizo?
744 3322 778 3383 in
798 3326 896 3403 priano
915 3325 993 3385 libro
1015 3323 1080 3404 (667.
1101 3328 1171 3389 585.

163 3401 211 3463 tit.
236 3402 286 3480 Α.)
301 3403 481 3462 affirmatum
509 3411 564 3462 est.
590 3404 648 3464 Sed
667 3407 700 3465 in
727 3411 784 3468 boe
797 3410 958 3487 probatum
976 3417 1019 3467 est
1038 3404 1177 3471 sufficere

163 3485 244 3562 quod
256 3486 350 3546 lormo
368 3489 558 3566 proseratur,
580 3500 739 3567 antequam
758 3494 880 3553 mateola
901 3493 1057 3555 desistatur
1077 3496 1182 3575 applis

163 3570 234 3628 6661.
264 3568 335 3632 Vide
347 3568 369 3633 7.
384 3575 414 3634 6.
426 3590 459 3635 6.
472 3575 502 3634 9.
514 3593 543 3636 6.
560 3575 721 3650 Quaeritur.
1178 3586 1183 3593 ⁴
