2642 4150
188 219 246 277 957,
611 207 767 290 Appendia

187 316 315 376 baeretici
332 320 524 374 excreverunt
539 354 549 383 ,
565 327 727 387 eorumque
740 309 808 371 libri
821 308 908 371 iatiirs
926 306 1186 388 diffundebantur,

187 416 303 460 necesse
321 398 486 472 iudicatum
508 395 565 456 luit
583 394 668 455 novis
681 393 765 453 maiis
777 394 860 454 novis
873 393 1011 454 remediis
1023 411 1187 455 occurrere.

188 480 256 541 ldeb
271 480 394 541 Ecclesia
416 479 660 557 congregationes
674 475 757 554 priris
777 477 1008 555 inquisitorum,
1028 486 1059 538 et
1083 478 1189 540 deinde

187 562 293 623 indicis
313 562 435 631 statuit,
452 561 559 639 quibus
580 560 726 620 librorum
747 577 890 630 eramen,
909 560 1117 620 etiaeuitatem
1139 579 1188 623 eos

187 645 364 725 probibendi
375 645 531 705 commisit.
547 644 664 705 Primus
679 645 813 705 omnium
827 643 1017 704 Innocentius
1036 646 1101 706 ΙΙΙ.
1116 664 1187 708 ann.

187 731 272 789 ttot.
297 739 398 789 contra
425 728 595 804 Albigenses
618 726 792 799 haereticos,
811 728 982 786 Tolosanum
1007 728 1187 804 provinciam

186 813 374 885 infestantes,
399 813 480 871 misit
501 811 713 889 inquisitores,
733 828 800 869 euna
829 818 970 888 potestate
989 811 1020 869 in
1046 828 1095 871 cos
1118 830 1189 889 pro·

185 896 329 971 cedendi,
358 913 521 973 eorumque
560 894 650 953 libros
681 893 881 972 prohibendi,
905 913 938 954 ae
969 896 1185 954 concremandi.

185 978 266 1038 idem
283 979 496 1040 confirmarunt
510 988 608 1057 postea
626 978 676 1037 aiii
693 977 843 1037 tonrifices
862 996 916 1055 pro
933 979 997 1037 aliis
1015 979 1184 1055 provinciis.

185 1061 221 1123 lit
234 1061 311 1123 idem
322 1063 450 1123 obtinuit
466 1063 503 1121 ab
527 1059 695 1121 Alexandro
706 1064 724 1121 1
729 1064 764 1121 V.
779 1064 810 1121 S.
825 1060 990 1122 Lndouicue
1007 1079 1061 1138 pro
1074 1062 1184 1135 Gallia,

183 1143 251 1206 etb'
265 1144 322 1206 Pio
344 1145 398 1205 tv.
427 1140 549 1205 Carolus
567 1147 602 1205 V.
623 1161 677 1223 pro
696 1144 851 1221 iiispania,
876 1145 998 1222 aliisque
1021 1144 1081 1202 suis
1102 1144 1187 1203 ditio·

185 1228 281 1288 nibus.
299 1221 515 1310 Portippuatt.
533 1228 610 1287 idem
632 1227 762 1287 tribunal
782 1228 982 1305 Inquisitionis
1001 1226 1094 1285 voluit
1108 1235 1138 1285 et
1153 1228 1184 1286 in

184 1320 284 1372 nostro
314 1330 405 1390 regno
425 1311 616 1389 Neapolitano
641 1310 805 1380 constitui,
828 1311 879 1369 scd
901 1308 1105 1386 Neapolitani,
1129 1310 1183 1385 qui

183 1393 300 1472 serrrpcr
316 1414 384 1472 erga
409 1396 570 1454 Romanam
592 1393 747 1453 Ecclesiam
766 1394 887 1453 summi*
903 1393 1023 1453 luerunt
1041 1391 1183 1452 ildelitate

183 1475 303 1549 adecti,
323 1486 354 1538 et
369 1478 400 1538 in
424 1478 484 1538 bde
504 1476 642 1539 catiroiiea
667 1476 804 1546 stabiles,
831 1476 868 1535 ab
893 1495 928 1535 eo
948 1487 1094 1553 tamquam
1122 1492 1183 1535 non

184 1563 344 1621 necessario
361 1579 394 1619 ae
410 1560 543 1621 fidelitati
559 1578 620 1621 sue
641 1557 859 1637 quodammodb
884 1558 1049 1635 injurioso,
1072 1558 1184 1630 instan-

182 1643 260 1706 tibus
272 1644 424 1721 preeibus,
442 1660 607 1722 magnoque
620 1652 726 1701 conatu
742 1643 957 1719 exemptionem
977 1641 1181 1719 impetrdruut.

222 1727 301 1785 XVi.
321 1721 437 1786 Pontus
455 1735 555 1786 autem
580 1724 633 1788 ili.
657 1743 735 1785 anno
767 1725 853 1785 ibib.
882 1726 913 1784 in
935 1724 1017 1784 Bulla
1046 1724 1094 1783 tt.
1118 1743 1184 1801 que

184 1803 302 1884 incipit,
328 1805 405 1867 dicet
420 1805 457 1868 ob
474 1807 583 1878 britio,
604 1808 707 1866 statuit
732 1808 832 1867 Romae
849 1807 1108 1885 congregationem
1132 1825 1182 1884 ge·

184 1891 289 1949 neraiis
315 1890 536 1967 inquisitionis,
560 1891 606 1950 cui
635 1907 740 1967 prauos
763 1892 852 1951 libros
881 1890 1056 1969 probibendi
1082 1908 1181 1949 euram

184 1974 345 2051 imposuit3
366 1971 434 2034 lieet
456 1974 536 2034 enim
557 1973 707 2033 damnatio
731 1974 876 2034 librorum
900 1992 978 2033 nunc
995 1976 1032 2033 sit
1053 1975 1182 2050 Congre-

182 2057 306 2135 gotionis
330 2056 454 2126 indicis,
470 2075 535 2135 qum
552 2066 650 2134 posteo
664 2066 758 2116 erecta
769 2057 826 2118 luit
836 2101 845 2131 ,
855 2065 987 2118 attamen
1002 2057 1088 2118 etiam
1104 2076 1182 2118 arrae

186 2141 326 2216 proevoiet
346 2140 390 2199 iili
411 2141 601 2218 Congregatio
621 2142 841 2218 Inquisitionis,
855 2140 968 2201 adebut
979 2142 1077 2218 plures
1090 2141 1179 2214 libri,

184 2240 312 2364 quorum
336 2223 422 2283 lectio
447 2222 464 2282 b
486 2224 717 2300 congregatione
743 2225 849 2285 indicis
878 2225 1103 2303 permittebatur
1134 2226 1181 2283 rei

203 2307 409 2377 omnabatur,
447 2305 633 2383 postmodum
666 2305 683 2366 b
714 2307 944 2385 Congregotione
979 2307 1182 2385 inquisitionis

181 2384 310 2448 damnati
347 2388 407 2447 sint
435 2388 482 2448 vel
511 2389 655 2466 permissi.
687 2389 863 2451 Benedictus
893 2391 984 2451 XIV.
1013 2399 1111 2449 autem
1150 2390 1183 2448 ia

182 2471 284 2543 bulla,
304 2467 436 2531 Sollicito
458 2489 492 2530 oc
517 2470 661 2552 provido,
680 2472 757 2533 edita
786 2490 866 2533 anno
884 2473 970 2534 1755.
996 2473 1045 2533 die
1066 2474 1084 2531 9
1109 2473 1182 2530 lulli

180 2552 266 2631 (eide
299 2554 333 2613 in
359 2550 505 2633 Butler.)
533 2557 636 2616 statuit
667 2560 816 2626 canones,
844 2556 892 2616 rei
923 2554 1020 2633 potiris
1047 2556 1185 2631 antiquos

179 2636 249 2716 (jam
271 2639 342 2698 olim
366 2648 510 2709 statutos,
531 2639 634 2699 saitem
657 2640 877 2718 aequivalenter)
903 2639 1082 2708 renovavit,
1106 2639 1183 2698 cirea

178 2722 323 2797 optimum
350 2723 532 2800 regimenio
561 2722 646 2782 libris
670 2722 893 2799 examinandis,
922 2731 953 2781 et
979 2719 1182 2799 prohibendis.

178 2801 312 2862 Primrim
341 2807 422 2863 enim
451 2806 480 2862 in
514 2806 744 2882 Congregationc
776 2804 868 2884 (juxta
895 2803 1073 2883 praescripta)
1106 2804 1184 2865 liber

179 2885 337 2944 tradendus
364 2897 406 2946 est
431 2887 481 2944 uni
506 2903 542 2945 ex
561 2888 800 2960 consultoribus,
823 2889 885 2948 sire
906 2886 1182 2965 qualificatoribus,

179 2967 229 3043 qui
250 2966 335 3025 iilum
355 2970 519 3045 expendere
539 2969 647 3043 debet,
672 2988 883 3048 censuramque
906 2972 1044 3049 signare3
1066 2987 1183 3030 errores

179 3049 357 3107 annotando.
381 3052 494 3109 Deinde
517 3049 684 3111 idemliber
698 3054 783 3113 alteri
804 3054 932 3113 traditur
943 3055 1086 3125 revisuri,
1111 3072 1184 3131 sup·

177 3148 275 3209 presso
294 3132 382 3209 primi
403 3133 529 3192 censoris
557 3135 702 3206 nomine,
725 3144 760 3196 ut
787 3139 862 3197 alter
887 3135 1010 3197 liberiirs
1033 3136 1182 3214 judicium

177 3233 265 3275 suurn
285 3224 421 3295 exponat.
446 3217 476 3276 Sl
494 3232 597 3277 censor
621 3220 767 3279 secundus
788 3222 887 3298 primo
905 3221 1090 3292 assentitur,
1110 3231 1183 3281 tunc

176 3299 252 3360 liber
275 3299 312 3359 ad
338 3302 469 3380 singulos
496 3303 677 3363 consultores
701 3305 851 3374 mittitur,
877 3314 911 3365 ut
935 3322 1023 3364 suum
1055 3306 1183 3383 quisquc

176 3382 346 3461 suffragium
369 3386 519 3464 praebeat:
537 3386 584 3444 sin
603 3397 703 3447 autem
720 3430 729 3459 ,
744 3387 904 3447 adhibetur
927 3389 1032 3448 tertius
1054 3390 1179 3448 revisor.

177 3464 277 3525 Postea
305 3468 467 3528 liberaum
492 3482 644 3540 censura,
679 3479 710 3531 et
744 3472 946 3531 consultorum
968 3470 1115 3547 suffragiis
1144 3471 1181 3530 ad

177 3548 342 3611 Carrdinuies
359 3553 592 3627 transmittitur,
612 3560 645 3613 ut
657 3552 688 3614 bi
705 3554 737 3616 in
752 3555 983 3635 congregatione
1002 3553 1039 3614 (ie
1055 3571 1090 3614 re
1106 3553 1181 3613 defi·
