2642 4150
202 148 241 209 82
328 170 330 176 ·
401 147 446 209 De
459 160 651 206 rottmtzouun
665 143 782 234 Poetil-
797 143 933 223 denotas,
947 150 1001 209 etc.

202 271 215 298 ιι
239 245 350 306 eodem·
374 252 491 323 peccato
516 264 524 303 a
551 251 623 306 tnnc
655 243 736 304 enim
760 244 952 321 poenitentem
975 241 1146 322 hujusmodi
1169 241 1208 304 ab

202 354 216 381 ιι
240 328 416 407 obligatione
429 327 567 390 eumdem
586 327 797 387 confessarium
816 326 1011 388 denuntiandi
1034 326 1206 388 liberamus.

203 436 215 463 ιι
240 412 296 472 Sed
322 412 440 489 quando
457 411 600 482 aliunde,
624 413 715 487 quam
738 427 775 469 ex
795 410 935 488 proprii,
955 417 990 469 ut
1009 409 1122 472 dictum
1141 420 1205 481 est,

204 518 217 547 ιι
241 495 436 566 consessione,
455 495 573 555 noverit
595 495 806 553 confessarium
827 495 926 570 aliquo
941 511 977 553 ex
989 493 1209 572 superinsenu·

204 602 218 631 ιι
243 579 383 655 meretis,
406 586 437 638 et
450 587 550 637 sancto
567 577 663 636 officio
677 576 885 636 denuntiandis
910 577 1006 635 modis
1026 577 1206 655 deliquisse,

204 686 217 714 ιι
241 670 312 722 tunc
331 679 400 721 eum
423 669 454 721 et
467 661 529 740 ipse
540 660 716 721 denuntiare
731 676 768 719 ex
790 659 844 718 ista
863 659 985 719 aliunde
1008 658 1107 722 habita
1125 661 1204 722 neti·

207 768 221 796 ιι
244 744 284 802 tia
303 754 448 804 teneatur.

248 852 261 880 ιι
281 827 365 901 Qttbd
379 830 402 888 si
414 827 580 887 confessarii
593 827 631 887 de
642 826 794 905 complicis
809 827 931 886 nominc
946 825 1101 905 perperim
1114 827 1208 888 inter·

206 936 219 962 ιι
242 912 697 989 rogantis,absolutionemqne‚
717 909 748 969 ni
771 910 827 969 sibi
845 909 1015 986 detegatur,
1035 910 1208 993 denegantis.

207 1019 219 1046 ιι
243 1002 339 1054 actum
354 996 503 1072 contingat
517 992 662 1070 ejusmodi
681 1011 762 1065 esse,
776 1002 833 1066 ut,
857 995 992 1070 quamvis
1009 994 1205 1071 imprudens,

207 1103 219 1133 a
244 1089 274 1138 et
286 1081 379 1140 malus
392 1123 400 1149 ,
415 1080 544 1157 simplex·
557 1088 655 1137 tamen
677 1076 820 1153 quidam,
839 1086 870 1138 et
890 1077 986 1137 nudus
998 1088 1080 1138 actus
1094 1078 1206 1148 luerit,

206 1186 219 1212 ιι
244 1161 334 1222 idtast
346 1163 382 1221 iis
393 1162 621 1224 circumstantiis
633 1160 811 1231 destitutus,
832 1179 899 1237 quae
917 1161 955 1220 de
973 1179 1063 1240 prava
1081 1160 1209 1242 creduli·

206 1269 220 1297 ιι
244 1254 321 1319 tate,
336 1247 383 1306 vel
399 1247 437 1307 de
453 1247 529 1307 mala
545 1244 710 1304 adhaesione
726 1244 761 1303 od
776 1244 890 1321 praxim
915 1246 947 1304 in
967 1242 1044 1324 saepe
1062 1244 1142 1313 dicto
1154 1264 1208 1306 uo·

207 1351 220 1379 ιι
242 1338 305 1389 stro
326 1330 411 1389 Brevi
439 1329 651 1407 reprobatam,
676 1327 826 1405 tamquam
850 1328 888 1387 ad
911 1329 1043 1399 licitam,
1070 1329 1209 1398 eumdem

207 1436 220 1464 ιι
244 1413 451 1473 confessarium
469 1421 637 1488 suspectum
647 1410 870 1484 reddant3tttnc
879 1412 1044 1472 istiusmodi
1065 1412 1207 1472 delictum

193 1499 221 1547 ιι
243 1513 340 1573 neque
365 1496 598 1558 denuntiationis
614 1495 719 1565 oneri,
737 1512 834 1570 nequa
858 1496 950 1554 sancti
971 1494 1059 1554 officii
1076 1494 1222 1573 predicti·

206 1601 219 1631 ιι
244 1580 404 1658 cognitioni
426 1580 591 1657 subjectum
610 1580 667 1638 erit
681 1599 691 1652 ς
704 1578 755 1636 sed
778 1578 814 1637 de
834 1578 885 1640 illo
903 1595 1100 1656 cognoscere,
1121 1588 1211 1654 atquc

207 1686 220 1713 ιι
244 1664 276 1722 in
286 1663 509 1740 delinquentem
522 1662 733 1726 confessarium
746 1677 799 1737 per
814 1662 1032 1738 suspensionem
1042 1661 1080 1720 ab
1091 1662 1212 1724 andica-

207 1771 220 1798 ιι
244 1746 289 1805 dis
310 1747 555 1817 confessionibus,
569 1746 617 1805 vel
636 1745 706 1803 alias
725 1743 877 1804 canonicas
895 1752 926 1803 et
947 1745 1091 1821 legitimas
1109 1763 1211 1823 peenas

207 1852 221 1883 ιι
244 1847 299 1907 pro
323 1831 422 1892 delicti
448 1830 537 1892 modo
560 1828 795 1888 animadvertere
809 1870 817 1899 ,
831 1829 871 1886 ad
883 1828 1017 1888 locorum
1036 1828 1210 1890 ordinarios

207 1936 220 1984 ιι
244 1914 275 1972 in
289 1931 340 1973 sua
352 1913 494 1992 cujusque
510 1912 629 1972 dioecesi
642 1910 764 1971 omnino
783 1911 933 1988 spectabit.
945 1935 959 1963 a

234 1997 285 2055 llis
295 1998 385 2076 igitur
394 1997 468 2058 circa
478 1997 625 2070 ordinem,
637 1995 775 2065 sormam,
786 1993 965 2071 modumque
974 2002 1074 2055 eontra
1085 1993 1213 2073 ejusmo-

205 2076 235 2140 di
248 2080 451 2158 delinquentes
464 2080 712 2158 p1·ocedendi„nt
725 2079 897 2157 prefertur,
909 2079 1094 2150 constitutis,
1106 2082 1212 2149 acsttis

206 2164 364 2240 unicnique
376 2163 468 2239 judici
482 2164 673 2229 ecclesiastico
682 2162 801 2239 juribus
813 2164 964 2241 assignatis
974 2206 982 2233 ,
991 2161 1212 2239 ⁴etdistributis3

205 2245 281 2305 hanc
293 2264 345 2305 nos
357 2245 493 2324 deinceps
506 2247 639 2326 regulam
652 2247 690 2306 ab
704 2246 841 2306 omnibus
855 2246 1004 2306 observari
1021 2264 1055 2305 ac
1066 2246 1210 2306 custodiri

205 2328 359 2403 volumus,
380 2339 410 2388 et
424 2331 616 2400 mandamus,
630 2331 655 2391 st
674 2330 794 2407 quando
815 2330 883 2389 talia
904 2330 1009 2390 dcttcu
1027 2327 1211 2406 deprehendi

205 2412 381 2488 contigerit,
402 2433 468 2490 quoe
485 2418 583 2474 tamen
603 2413 683 2472 band
709 2431 851 2490 uniquam
869 2412 989 2491 postlt'ac
1009 2422 1154 2475 eventura
1177 2414 1210 2474 in

204 2495 330 2554 Domino
341 2497 531 2568 confidimus,
556 2499 712 2558 accedente
730 2498 851 2573 insuper
873 2498 1012 2574 praeclaral
1025 2497 1144 2574 inclytae
1153 2498 1212 2557 Ln-

204 2574 305 2637 sitanae
319 2581 446 2640 nationis
462 2582 608 2640 universae
622 2599 691 2659 erga
706 2580 811 2655 Sedent
824 2582 1012 2657 apostolicam
1023 2581 1211 2640 observantia

204 2671 234 2721 et
247 2663 431 2734 obedientia,
447 2683 574 2726 necnon
590 2666 697 2745 eximiai
710 2664 774 2724 tt'tm
791 2666 874 2734 istius
889 2675 995 2727 sancte
1006 2666 1212 2742 inquisitionis

204 2744 311 2819 oflicii,
327 2757 391 2806 tum
411 2749 552 2825 cujusque
568 2750 624 2809 loci
640 2747 869 2815 ordinariorum
884 2766 1049 2824 numquam
1070 2748 1210 2807 defutura

203 2829 364 2904 vigilantii.
381 2831 565 2909 Quapropter
588 2849 780 2908 qnaecnmque
806 2834 917 2905 aliter,
944 2831 1034 2908 qu'atn
1052 2830 1211 2908 praesenti·

204 2910 259 2969 bus
282 2913 388 2971 nostris
416 2914 597 2974 decrevimus
632 2923 663 2974 et
682 2917 924 2987 constituimus,
947 2916 1010 2974 sive
1039 2915 1072 2985 in
1102 2914 1209 2981 edictis

204 2994 314 3069 praelati
330 2996 417 3057 officii
433 2999 651 3075 Inquisitionis,
683 3000 752 3066 sive⁸
766 2999 797 3058 in
827 2999 1012 3076 quibuslibet
1030 2997 1210 3074 quorumvis

203 3078 427 3143 ordinariorum
440 3083 583 3142 mandatis
592 3126 600 3152 ,
608 3092 660 3142 aut
670 3083 864 3160 pastoralibus
875 3083 993 3147 Litteris
1003 3123 1013 3154 ,
1024 3081 1072 3141 rel
1085 3080 1216 3143 decretis

203 3161 325 3227 antehac
337 3174 445 3226 statuta
459 3166 639 3243 prodierunt
648 3210 658 3243 ,
680 3184 713 3225 ea
735 3184 811 3242 nos,
826 3166 967 3242 quoniam
987 3172 1053 3241 post
1071 3163 1215 3240 apostoli-

202 3264 267 3304 cam
284 3245 359 3308 banc
373 3247 390 3306 a
403 3251 487 3308 nobis
499 3251 682 3327 propositam
695 3249 819 3327 agendi,
835 3268 886 3311 seu
897 3247 1050 3326 judicandi
1061 3264 1214 3316 normam,

202 3328 300 3413 minias
321 3332 478 3391 necessaria
493 3333 555 3391 fore
577 3351 750 3403 censemus,
774 3333 910 3401 desinere
928 3331 1008 3407 jam,
1028 3340 1059 3389 et
1080 3346 1215 3401 cessare,

202 3428 249 3481 ac,
270 3410 361 3472 'veluti
385 3432 548 3491 numquam
583 3426 790 3489 emanassent,
820 3433 942 3485 omnem
961 3413 1111 3490 obligandi
1149 3413 1216 3472 rint

201 3496 355 3569 amittere,
377 3506 458 3557 motu
472 3499 597 3577 proprio
617 3509 698 3573 etex
718 3500 950 3571 certeseientin,
975 3496 1071 3574 doque
1094 3504 1218 3571 aposto·
