2642 4150
196 182 236 244 68
403 181 448 240 De
468 193 657 238 rauracorum
668 174 994 258 Pontit.derrctis,ctc.

196 282 332 344 videlicet
346 288 377 344 et
389 281 530 360 septima,
545 279 604 339 huc
622 279 794 339 acvcandoe
805 324 813 349 ‚
825 280 970 340 damnatae
981 323 990 351 ‚
1002 285 1032 340 ct
1045 279 1202 358 prohibitae

195 368 326 428 sumunt.
347 369 407 429 Nos
424 367 523 443 itaque
544 362 659 424 masura
680 364 912 441 perpendentes,
930 365 1032 442 quanti
1056 367 1200 425 momenti

196 451 235 511 sit
255 452 292 512 ad
307 459 446 513 aeternam
470 449 635 508 animarum
653 449 777 507 salutem
800 465 832 506 ea
853 448 964 526 ubique
987 446 1085 508 exacte
1101 448 1202 508 obser·
1295 472 1296 521 ᾗ

195 535 258 595 vari
273 578 281 607 ,
304 544 336 596 et
348 534 451 612 quanti
469 533 507 593 ed
527 533 659 592 indamus
673 548 742 591 ores
756 532 898 591 curandas
913 540 943 591 ct
961 531 1096 592 decorem
1109 533 1140 591 S.
1153 535 1203 592 Ee·
1295 554 1296 599 1

197 616 292 678 elesioe
310 619 364 677 Dei
384 615 574 676 retinendum
595 616 737 680 intersit,
759 632 797 673 ne
815 616 904 692 aliqui
928 615 1088 675 sacerdotes
1104 612 1203 674 Poeni·

196 702 485 762 tentiaesacramento
494 697 603 759 nelarie
612 699 765 759 abutentes
770 698 980 777 poenitentibus
990 700 1204 779 procuratione

196 787 328 856 vulnus,
348 802 401 862 pro
422 800 497 860 pane
512 781 667 860 lapidem,
689 799 745 860 pro
766 783 845 860 pisce
867 791 1052 860 serpentem,
1071 800 1125 860 pro
1145 800 1204 842 me·

197 870 292 931 dicina
311 885 459 928 vencnum
485 866 668 945 porrigant,
689 869 744 925 sed
771 867 871 926 animo
896 885 995 926 secum
1019 868 1203 940 recolentes,
1295 890 1296 915 2

196 969 227 1012 se
245 953 262 1013 d
282 951 397 1012 Christo
416 951 544 1010 Domino
566 948 733 1027 praesides,
758 957 788 1008 et
808 948 921 1024 judicas
944 950 1110 1009 animarum
1132 968 1206 1008 con·

196 1036 313 1096 stitutos
327 1079 335 1104 ‚
350 1034 383 1094 aa
394 1034 567 1104 sanctitate,
582 1051 648 1109 quae
669 1032 866 1103 sublimitati,
881 1052 913 1093 ac
924 1033 1057 1112 dignitati
1071 1033 1204 1092 muneris

198 1119 363 1190 convenit,
397 1127 458 1176 tam
484 1116 688 1176 venerandum
716 1125 931 1176 sacramentam
963 1116 1201 1177 administrent:

198 1209 281 1263 motu
302 1201 447 1280 proprio,
468 1209 498 1259 et
519 1218 555 1259 ex
574 1208 650 1259 certa
665 1199 785 1258 scientia
797 1243 805 1271 ,
819 1193 853 1257 a'e
866 1208 981 1259 matura
993 1199 1205 1261 deliberatione

198 1293 298 1346 nostra
318 1286 451 1365 praelatas
473 1285 585 1344 litteras
620 1282 809 1360 hujusmodi,
835 1302 868 1343 ac
894 1283 1014 1355 omnia,
1036 1292 1066 1343 et
1089 1284 1205 1361 singola

197 1369 314 1430 decreta
333 1369 469 1448 praedicta
491 1369 527 1429 ad
543 1369 661 1428 illarum
680 1369 971 1446 interpretationem,
986 1375 1016 1428 et
1033 1367 1206 1430 declaratio-

198 1470 267 1515 nem
286 1463 421 1514 emanata
441 1453 599 1530 apostoliea
624 1453 798 1512 auctoritato
819 1461 923 1512 tenore
940 1454 1129 1531 presentium
1151 1474 1207 1532 ap·

197 1538 374 1618 probamus,
395 1545 426 1597 et
442 1537 652 1596 confirmamus
668 1579 677 1606 ‚
695 1535 813 1612 illisque
833 1536 998 1609 omnibus,
1024 1546 1055 1597 et
1081 1537 1206 1616 singulis

198 1621 377 1683 inviolabilis
406 1619 571 1696 apostoliea
596 1618 747 1678 firmitatis
777 1620 870 1680 robur
904 1620 1087 1696 adjicimus:
1114 1631 1205 1700 atque

197 1706 307 1777 otiam,
332 1702 476 1781 quatenbs
506 1720 579 1779 opus
602 1703 664 1773 sit,
688 1703 787 1763 dennd
810 1704 1046 1777 committimus,
1065 1714 1096 1766 et
1119 1722 1207 1765 man·-

197 1788 302 1848 damos
330 1786 467 1847 omnibus
500 1787 632 1845 locorum
658 1788 825 1847 Ordinariis
849 1789 985 1848 oninium
1015 1806 1205 1868 regnorum,

198 1872 416 1950 provinciarum
432 1913 440 1936 ,
459 1869 610 1929 civitatum
623 1914 631 1942 ,
644 1870 863 1942 dominiorum,
876 1882 907 1931 et
919 1873 1051 1933 locorum
1071 1875 1206 1934 universi

197 1955 279 2016 orbis
297 1954 447 2015 christiani
466 1955 499 2013 in
515 1953 575 2013 suis
587 1955 748 2033 respective
763 1956 951 2026 dioeeesibus,
969 1966 1003 2017 ut
1025 1957 1205 2035 diligenter,

197 2039 338 2118 omnique
360 2042 492 2099 bumana
511 2045 645 2117 respectu
664 2039 843 2117 postposito,
858 2040 1029 2117 inquirant,
1052 2048 1083 2100 et
1100 2060 1207 2119 praee-

197 2122 269 2183 daat
287 2131 389 2184 contre
410 2140 529 2195 omnes,
544 2131 574 2182 et
592 2124 722 2200 singulos
740 2125 923 2195 sacerdotes,
944 2134 1004 2183 tam
1027 2127 1204 2196 saeculares,

110 2246 113 2253 ·
197 2205 286 2283 qaim
300 2207 450 2283 regulares
468 2206 690 2282 quomodolibet
705 2217 874 2286 exemptos,
894 2225 926 2266 ac
951 2207 1018 2267 Sedi
1037 2211 1206 2287 apostolice

197 2288 367 2349 immediate
388 2289 559 2365 subjectos,
582 2306 839 2367 quorumcumque
866 2292 1031 2362 ordinum,
1052 2292 1206 2354 instituto·

196 2389 265 2431 rum
278 2372 472 2442 ,societatum
485 2416 493 2442 ,
511 2381 542 2432 et
557 2376 818 2452 congregationum
829 2418 837 2445 ,
847 2383 877 2434 et
888 2375 1098 2454 cujuscumque
1111 2377 1207 2456 digni·

197 2456 286 2526 tatis,
308 2465 339 2515 et
355 2456 606 2534 praeeminentiae,
628 2468 680 2517 aut
702 2459 806 2535 quovis
826 2460 1001 2536 privilegio,
1028 2469 1059 2518 et
1086 2462 1205 2521 indulto

196 2539 346 2610 munitas,
366 2539 421 2618 qni
435 2536 563 2618 aliquem
582 2544 788 2619 poenitentem,
804 2560 992 2622 quaecamque
1003 2543 1133 2622 persona
1149 2542 1206 2605 itta

196 2622 257 2696 sit,
278 2620 325 2683 uel
337 2625 371 2684 in
390 2629 458 2682 aeto
475 2622 698 2685 sacramentalis
720 2623 931 2703 cortscssionis,
957 2624 1003 2686 oei
1028 2630 1125 2699 arsid,
1156 2627 1206 2689 aci

197 2705 363 2767 icnruediatd
384 2713 451 2784 post
465 2705 699 2785 confessionem,
722 2706 770 2768 oei
798 2709 963 2778 occasione,
984 2718 1040 2769 aot
1057 2719 1206 2791 praetecta

196 2788 406 2868 mascaaianis,
422 2787 469 2848 aei
486 2790 575 2849 etiam
598 2799 684 2850 satra
697 2793 874 2852 occasionem
885 2791 1075 2871 confessionis
1088 2795 1123 2853 in
1141 2815 1206 2859 con

197 2871 354 2952 [emicanti
366 2873 426 2932 sius
442 2871 476 2931 in
495 2869 556 2934 aiio
572 2872 632 2934 ioco
651 2875 692 2935 od
712 2874 906 2952 consessiones
928 2875 1092 2938 andiendus
1115 2878 1206 2941 desti-

196 2965 288 3027 nato,
303 2952 454 3015 out'eieeto
472 2955 659 3017 sintniationc
683 2956 826 3018 andieradi
846 2957 953 3019 ibidem
971 2960 1202 3041 confessionem,

197 3040 237 3101 ad
252 3039 405 3101 inhonesta
419 3048 448 3099 et
466 3044 569 3121 turpia
583 3039 760 3119 sollicitare,
775 3041 821 3102 oei
831 3061 987 3123 provocare
995 3090 1006 3122 ,
1021 3047 1080 3105 siae
1090 3048 1204 3124 uerbis,
1294 3109 1296 3124 ,

196 3127 255 3185 sice
273 3123 383 3203 signia,
400 3124 460 3184 siae
480 3125 620 3199 statibus,
647 3127 708 3186 siae
734 3135 832 3199 taeta,
854 3130 914 3189 siaa
930 3147 984 3208 per
1004 3130 1203 3210 scripturam,
1295 3141 1296 3186 ὲ

197 3215 252 3268 dut
273 3215 357 3280 tunt,
382 3217 437 3268 ant
463 3212 530 3287 prist
547 3206 698 3288 tegendam
721 3214 917 3290 tentaverint,
941 3223 996 3275 ant
1018 3235 1086 3275 anan
1107 3219 1149 3279 eis
1172 3218 1206 3280 ii-

197 3288 291 3352 licitos
307 3300 336 3351 et
352 3291 519 3352 inhonestos
539 3310 705 3371 sermoraes,
730 3295 776 3356 aci
797 3306 939 3359 tractatas
959 3301 1114 3361 temerario
1128 3323 1206 3366 ansa

196 3374 353 3437 debuerint
369 3395 377 3431 ε
393 3383 508 3450 etquos
527 3378 558 3435 in
581 3378 681 3455 aliquo
699 3397 735 3439 ex
754 3380 924 3457 bujosmodi
946 3383 1064 3442 nefariis
1081 3388 1221 3447 excessi-0

182 3459 252 3519 'bus
261 3459 419 3537 culpabiles
436 3461 623 3535 repererint,
645 3464 677 3521 in
698 3482 747 3524 cos
764 3483 819 3541 pro
840 3468 1001 3526 criminum
1020 3470 1162 3545 qualitate
1173 3483 1205 3533 et

151 3581 154 3588 ·
196 3542 419 3604 circumstantiis
444 3543 547 3608 serere
577 3545 814 3609 animadvertant
843 3567 898 3628 per
918 3550 1078 3630 condignas
1102 3573 1204 3632 poeaas
