2642 4150
206 185 244 244 74
399 182 444 240 De
465 194 652 239 romanorum
670 175 785 255 Pontis.
804 174 943 248 decretis,
957 183 1008 237 ete.

203 280 273 341 liliis
285 279 370 341 oflicii
385 278 611 340 Pcenitentiariae
625 277 791 354 apostolicae
806 276 1028 354 ministris,qui
1040 295 1102 337 rem
1118 278 1198 356 jussu

203 374 304 423 nostro
324 362 439 423 mature
458 361 696 439 perpenderunt,
713 360 1199 435 deliberatione,motu,seientid,

198 455 231 530 ,ct
253 448 404 526 potestatis
426 445 610 525 plenitudine
633 444 773 521 paribus,
794 444 956 515 edicimus,
973 462 1006 503 ac
1023 445 1202 505 declaramus
1273 461 1275 464 ·
1315 516 1316 527 ¹

202 530 303 590 eidem
320 555 333 583 ιι
343 530 556 590 Constitutione
565 527 843 606 singulis,utsuprd
853 571 861 600 ,
872 528 1086 598 sacerdotibus,
1099 547 1201 606 quem·

194 607 216 667 ἰ
239 615 398 675 admodum
424 614 614 677 interdictum
640 632 701 674 non
733 623 777 672 est
807 615 838 672 in
862 614 967 673 mortis
987 613 1109 673 articulo
1135 633 1200 692 per-

202 725 216 753 ιι
241 719 342 760 sonam
365 702 397 760 in
418 699 557 778 praedicto
578 700 658 776 turpi
682 710 798 777 peccato
822 699 994 775 complicem
1015 699 1201 760 confitentem

204 812 218 841 ιι
241 789 361 859 audire,
382 797 470 867 atquc
487 786 524 845 ab
543 785 713 861 hujusmodi
735 805 852 864 quoquc
874 788 958 864 culpa
976 786 1033 847 rite
1047 788 1201 847 contritam

204 898 217 926 ιι
242 872 410 943 absolvere,
430 871 583 931 deficiente
598 880 669 930 ωηο
687 889 872 949 quocumque
892 872 949 931 alio
970 871 1135 942 sacerdote,
1150 870 1200 949 qui

203 982 218 1012 ιι
242 958 405 1017 conlessarii
433 973 541 1015 munem
564 954 646 1014 obire
672 956 782 1034 possit,
809 956 849 1014 ita
872 956 1006 1015 interdici
1030 953 1145 1033 reipsia,
1171 962 1202 1013 et

204 1069 217 1098 ιι
242 1041 392 1122 prohiberi
410 1042 550 1121 praedicto
574 1041 661 1100 modo
688 1051 758 1099 tunc
781 1039 903 1116 atidire,
926 1049 956 1100 et
980 1041 1150 1110 absolvere,
1168 1049 1203 1100 ut

204 1153 217 1182 ιι
241 1128 266 1185 si
283 1128 357 1186 alius
368 1127 472 1204 aliquis
483 1125 614 1184 sacerdos
624 1143 684 1184 non
696 1124 821 1184 deluerit
834 1169 841 1193 ,
853 1126 965 1184 etiamsi
979 1124 1054 1185 iortd
1063 1125 1117 1183 iste
1129 1125 1202 1183 alius

205 1235 218 1265 ιι
243 1211 366 1290 simplex
379 1209 584 1271 tantummodo
598 1209 730 1268 sacerdos
747 1209 853 1279 suerit,
870 1209 933 1267 sive
951 1208 1020 1267 aliis
1039 1208 1076 1267 ad
1091 1210 1203 1267 conses-

204 1319 218 1352 n
243 1296 337 1355 siones
356 1295 514 1355 audiendas
532 1312 592 1354 non
608 1293 805 1370 approbatus,
825 1293 915 1368 possit
934 1289 1126 1350 nihilomimis
1141 1293 1203 1368 ipse

205 1380 375 1439 »sacerdos
400 1379 523 1456 simplex
548 1378 758 1437 consessionem
784 1378 917 1454 excipere
939 1395 972 1435 ac
992 1375 1204 1435 absolutionem

205 1488 218 1517 ιι
243 1462 400 1541 impertiri.
421 1462 533 1533 Porcd,
554 1463 577 1521 si
603 1462 684 1522 casias
707 1462 838 1539 urgentis
860 1461 1001 1538 qualitas,
1029 1467 1059 1519 et
1081 1479 1204 1520 coneur-

205 1573 218 1601 ιι
243 1556 340 1608 rentes
358 1550 605 1617 circumstantiae,
631 1565 697 1625 quae
717 1548 804 1606 vitari
824 1565 884 1605 non
907 1547 1039 1623 possint,
1060 1544 1204 1620 ejusmodi

206 1655 219 1683 ιι
243 1631 372 1702 luerint,
392 1642 424 1691 ut
437 1634 511 1690 alius
525 1630 656 1689 sacerdos
669 1631 703 1689 ad
718 1630 893 1690 audiendam
907 1631 1070 1689 constitutae
1082 1630 1204 1689 indicto

207 1740 220 1767 ιι
244 1716 366 1774 articulo
377 1733 506 1792 personae
517 1715 725 1774 consessionem
734 1718 842 1785 vocari,
853 1724 902 1774 aut
910 1714 1044 1773 accedere
1051 1715 1114 1773 sinc
1122 1714 1205 1790 gravi

207 1822 220 1851 ιι
244 1799 340 1876 aliqua
358 1800 504 1858 exoritura
523 1798 640 1856 inlamia
652 1843 660 1871 ,
673 1800 720 1858 vel
733 1799 865 1859 seandalo
878 1807 1021 1876 nequeat,
1033 1807 1103 1857 tuno
1114 1799 1206 1856 alium

206 1907 220 1935 ιι
244 1882 421 1942 sacerdotem
440 1883 561 1960 perinde
580 1881 702 1954 habdm,
722 1883 892 1959 censerique
908 1900 1009 1961 posse,
1024 1882 1091 1941 acsi
1103 1879 1206 1941 revera

207 1992 220 2020 ιι
241 1967 371 2038 abesset,
399 1977 487 2045 atque
509 1969 670 2044 deficeret3
692 1986 725 2027 ac
748 1968 871 2046 proinde
894 1970 924 2026 in
947 1985 982 2027 eo
1005 1985 1106 2026 rerum
1128 1976 1206 2026 statu

207 2077 220 2104 ιι
245 2070 304 2112 ηοη
324 2050 475 2132 prohiberi
493 2053 572 2113 socio
590 2053 722 2112 criminis
734 2053 874 2112 sacerdoti
887 2052 1098 2112 absolutionem
1112 2052 1209 2128 poeni-

207 2163 220 2190 ιι
245 2138 318 2196 tenti
337 2138 373 2196 ab
395 2155 429 2196 co
451 2155 568 2214 quoque
590 2138 715 2197 crimine
738 2138 892 2216 impertiri.
911 2138 987 2196 Sciat
1010 2146 1107 2195 autern
1126 2154 1208 2196 cona·

206 2241 220 2275 ι
245 2222 311 2298 plex
330 2219 473 2296 ejusmodi
487 2222 637 2289 sacerdos,
656 2231 685 2280 et
698 2221 773 2280 serid
791 2220 1020 2294 animadvertat,
1036 2220 1098 2279 fore
1115 2238 1146 2279 se
1158 2239 1209 2279 re·

207 2331 221 2360 ιι
245 2303 305 2382 ipsa
326 2322 423 2362 coram
437 2301 516 2375 Deo,
536 2307 586 2382 qui
609 2306 727 2366 irrideri
740 2324 799 2364 ηοη
812 2314 925 2382 potest,
939 2323 1024 2364 reum
1043 2308 1139 2382 gravis
1156 2305 1211 2364 ad·
1249 2319 1258 2336 ⁸

207 2414 220 2443 ιι
245 2387 345 2447 versus
368 2389 539 2466 praedictom
564 2398 694 2448 nostram
718 2391 957 2450 constitutionem
980 2388 1208 2466 inobedientiae,

207 2498 221 2527 ιι
244 2473 368 2550 latisque
384 2473 415 2531 in
435 2491 467 2531 ea
486 2474 579 2550 poenis
599 2473 779 2544 obnoxium,
794 2476 817 2532 si
841 2474 986 2551 praedictoe
999 2472 1143 2544 infamiae,
1156 2481 1210 2531 aut

207 2586 220 2614 ιι
242 2558 369 2619 scandali
391 2559 517 2634 pericula
539 2558 593 2617 sibi
615 2557 693 2617 ultrd
711 2559 771 2634 ipsc
790 2559 959 2636 conlingat,
974 2557 1025 2615 ubi
1042 2574 1102 2622 non
1117 2564 1207 2617 sunt:

207 2670 220 2699 ιι
245 2642 306 2705 inid
321 2641 479 2719 intelligat,
495 2642 588 2701 teneri
601 2659 631 2700 se
642 2643 769 2718 graviter
781 2640 951 2717 lmjusmodi
966 2640 1104 2719 pericula,
1114 2659 1210 2716 quana

207 2753 220 2780 ι
245 2725 309 2786 ttlm
331 2726 362 2783 in
382 2742 413 2782 sc
430 2725 506 2797 erit,
521 2734 722 2795 antevertere,
742 2726 789 2782 vel
807 2727 960 2783 removere
974 2724 1148 2800 opportunis
1162 2726 1211 2783 ad-

208 2836 221 2863 ι
244 2809 346 2869 hibitis
365 2805 487 2880 mediis,
507 2808 586 2864 unde
608 2806 678 2881 fiat,
702 2815 735 2865 ut
754 2809 839 2866 alteri
855 2808 947 2866 cuivis
968 2806 1109 2865 sacerdoti
1127 2808 1211 2867 locus

207 2920 221 2947 ιι
245 2901 340 2971 pateat
358 2890 437 2949 illius
459 2890 646 2949 consessionis
667 2891 774 2968 alasque
794 2892 884 2950 ullius
906 2892 1047 2962 infamia,
1064 2891 1110 2949 vel
1127 2910 1211 2952 scan-

207 3004 220 3032 ιι
244 2977 311 3036 dalo
328 2973 490 3032 audiendae.
513 2975 555 3032 lta
576 2975 655 3032 enim
681 2976 776 3051 ipsum
801 2976 894 3034 teneri
918 2970 1018 3053 vigore
1041 2986 1213 3037 memoratae

207 3088 221 3116 ιι
245 3068 351 3120 nostrae
366 3058 581 3116 constitutionis
597 3057 795 3131 declaramus,
810 3070 840 3119 et
858 3077 936 3119 ηηηο
953 3078 1070 3138 quoque
1090 3061 1131 3119 ita
1154 3062 1211 3137 ipsi

207 3172 220 3199 ιι
245 3141 410 3203 laciendum
428 3159 489 3199 esse
508 3141 639 3201 districte
660 3143 850 3214 mandamus,
870 3152 899 3202 et
916 3144 1215 3221 praecipimus.Qudd

207 3253 220 3280 ιι
244 3225 268 3285 si
288 3225 365 3284 idem
385 3225 517 3284 sacerdos
535 3233 587 3284 aaut
600 3228 705 3302 quovis
718 3228 806 3286 modo
827 3246 888 3287 sese
910 3227 990 3285 nulld
1010 3228 1092 3304 gravi
1110 3247 1214 3287 neces·

201 3325 221 3364 ιι
244 3311 330 3371 sitate
348 3311 513 3386 corripulsus
528 3312 697 3386 ingesserit,
718 3319 769 3370 aut
788 3311 839 3370 ubi
858 3311 1005 3381 infamiae,
1020 3312 1065 3370 ael
1080 3314 1212 3371 semdali

208 3422 221 3449 ιι
245 3394 406 3474 periculum
426 3394 566 3463 timetur,
584 3396 608 3452 si
629 3396 749 3453 alterius
763 3397 919 3455 sacerdotis
933 3413 1019 3473 opera
1032 3396 1216 3473 requirenda

207 3504 220 3531 ιι
244 3482 299 3549 sit,
319 3477 380 3555 ipso
400 3478 436 3536 ad
456 3478 485 3536 id
506 3478 670 3553 perieulum
686 3479 884 3539 ‘avertendum
902 3499 1029 3557 congrua
1050 3479 1148 3538 media
1166 3481 1218 3538 ad-

207 3586 220 3612 ιι
245 3561 346 3622 hibere
362 3562 401 3621 de
423 3561 567 3621 industria
587 3563 767 3640 neglexerit,
781 3575 869 3643 atquc
884 3566 923 3623 ita
938 3582 1069 3643 personae
1081 3564 1218 3623 indicto
