2642 4150
183 195 222 257 ts
385 196 430 255 De
442 207 632 253 contortorum
647 188 765 269 Pontis.
780 186 898 252 decretas
911 232 918 260 ,
932 195 984 250 cte.
1051 241 1057 251 .

185 295 356 373 adigerent,
377 304 466 370 atque
479 292 707 369 compellerent:
725 288 786 350 imo
798 291 886 350 etiam
900 288 1048 366 complicis
1058 290 1190 367 ejusdcm

187 380 296 438 nedum
316 396 442 447 nomen,
457 378 506 435 sed
519 376 708 436 habitationis
721 375 842 451 insuper
857 374 956 433 locum
969 374 1024 434 sibi
1041 377 1192 452 exigerent

187 462 343 539 designari.
363 488 377 515 a
396 464 490 535 Quam
515 462 558 519 illi
579 460 700 538 quidem
726 458 939 518 intolerandam
959 459 1189 535 imprudentiam

188 571 200 598 ιι
225 543 290 605 trim
308 545 499 624 procurandos
515 545 665 624 complicis
684 543 873 603 correctionis
888 543 1072 620 aliorumque
1097 544 1191 608 bono·

189 654 201 680 ιι
226 647 294 688 rutn
306 629 539 710 colligendorum
550 631 835 707 specioso-praetextu
854 626 998 699 eolorare,
1016 625 1077 686 uim
1088 644 1190 686 emen-

190 740 202 766 ιι
225 713 328 773 dicatis
359 715 535 792 quibusdam
558 714 712 773 doctorum
734 711 923 789 opinionibus
951 711 1107 772 defendere
1130 732 1191 774 non

190 824 202 851 ιι
225 797 412 874 dubitarent;
434 797 503 858 cirm
525 795 627 858 reteri
649 797 802 874 opiniones
822 793 991 870 hujusmodi
1012 800 1058 856 vel
1080 797 1164 856 lnlsas
1180 822 1197 873 ,·

190 907 203 935 ιι
227 888 257 941 et
274 899 411 942 erroneas
428 882 595 960 sequendo,
612 882 658 940 vel
672 898 771 950 veras,
785 888 907 940 etsanos
918 879 993 939 malie
1006 881 1190 958 applicando,

191 991 204 1018 ιι
228 964 390 1044 perniciem
404 977 463 1027 tam
483 968 560 1038 suis,
577 965 665 1044 qatm
679 966 886 1044 poenitentium
899 964 1052 1024 animabus
1066 969 1194 1026 conscis-

193 1074 205 1102 ιι
230 1057 351 1126 cerent3
376 1070 409 1111 ae
431 1068 493 1110 sese
512 1060 653 1128 praeterea
675 1049 807 1127 plurium
835 1049 970 1125 gravium
993 1048 1191 1119 damnorum,

193 1158 206 1184 ιι
230 1151 295 1211 quaa
319 1135 389 1194 inde
411 1133 495 1196 focile
517 1144 709 1193 consecutura
737 1133 800 1192 sore
825 1132 987 1209 praevidere
1010 1132 1192 1206 debuerant,

193 1243 206 1270 ιι
230 1234 295 1276 reos
312 1237 410 1278 coram
425 1223 486 1280 Deo
504 1225 614 1277 aeterno
633 1217 733 1293 judice
750 1219 974 1276 constituerent.
989 1219 1025 1277 Et
1043 1216 1114 1276 verb
1130 1216 1194 1292 jam

193 1327 206 1354 ιι
230 1310 328 1361 secuta
351 1303 440 1363 fuisse
459 1304 551 1363 multa
569 1301 713 1378 ejusmodi
746 1300 852 1360 damna
882 1301 988 1360 infelici
1013 1301 1192 1379 experientis

193 1408 207 1437 ι
232 1397 415 1464 compertum
438 1395 509 1446 est:
531 1403 584 1445 nec
605 1385 669 1443 lieri
687 1385 806 1461 potuit,
829 1384 901 1461 quin
927 1402 960 1443 ea
984 1383 1141 1459 decanea,
1163 1391 1193 1445 et

195 1493 208 1520 ι
233 1468 449 1539 oblocutiones,
471 1479 501 1530 et
521 1468 675 1537 scaudala,
698 1473 728 1526 et
746 1483 806 1526 non
830 1467 1033 1541 ministrorum
1052 1466 1191 1540 mutiam,

194 1576 207 1603 ι
231 1552 281 1612 sed
300 1555 371 1614 sacri
386 1555 474 1614 etiam
488 1553 579 1631 ipsius
595 1551 752 1611 ministerii
782 1551 900 1627 odium,
914 1560 943 1612 et
959 1552 1126 1612 animorum
1147 1553 1194 1613 in·

195 1659 209 1687 ιι
233 1652 304 1712 gens
321 1638 506 1696 conturbatio
524 1637 555 1695 in
580 1635 689 1712 populo
709 1634 789 1693 fideli
810 1644 909 1693 exorta
926 1635 995 1694 siut.
1015 1636 1121 1695 Tristia
1142 1653 1195 1696 nos

196 1742 209 1770 ιι
233 1717 295 1777 baec
313 1719 500 1779 nuntia-oium
516 1720 700 1796 accepimus,
718 1718 807 1777 simul
823 1718 1007 1790 audivimus,
1020 1729 1121 1779 contra
1133 1721 1195 1780 exi·

198 1824 211 1852 ι
234 1801 333 1861 tialem
352 1798 520 1880 btrjrrsmodi
541 1804 664 1861 abusum
679 1800 812 1880 protinirs
828 1799 908 1878 justi
926 1803 1127 1881 indignatione
1141 1822 1195 1881 pro

198 1908 211 1936 ιι
235 1904 358 1946 munere
371 1906 424 1946 suo
446 1896 607 1947 commotos
627 1887 716 1945 fuisse
732 1886 852 1945 dilectos
871 1887 958 1947 Filios
975 1897 1088 1946 nostros
1110 1889 1142 1947 S.
1157 1890 1193 1948 lt.

198 1993 211 2019 ιι
234 1970 267 2027 Ε.
283 1971 448 2031 cardinales
468 1973 588 2031 Nunum
606 1969 623 2029 d
641 1969 743 2030 Crinito
765 1971 796 2029 in
815 1970 919 2030 iisdem
943 1972 1144 2048 Portugalliac,
1165 1981 1196 2033 et

198 2077 211 2106 ιι
236 2054 440 2134 Algarbiorum
460 2056 558 2134 regnis
576 2055 748 2115 Generalem
766 2055 991 2132 inquisitorem,
1010 2064 1039 2115 et
1052 2055 1197 2118 l'bomam

198 2161 211 2190 ιι
236 2138 274 2198 de
292 2140 432 2219 Almeyda
459 2140 655 2200 Patriarcbam
678 2141 904 2208 lisbonensem,
927 2149 1015 2217 atque
1037 2150 1198 2219 utrumque

199 2245 211 2272 ιι
236 2223 357 2283 solliciti
373 2226 505 2302 gliscenti
523 2226 600 2284 malo
617 2224 846 2304 compescendo,
868 2233 956 2300 atque
984 2226 1073 2283 etiam
1100 2226 1198 2292 eradi-

199 2330 213 2359 ιι
236 2306 328 2366 cando
344 2309 524 2368 allaborasse.
545 2310 604 2368 Nos
620 2319 734 2378 autem,
752 2327 790 2368 ne
810 2313 841 2367 in
861 2317 920 2366 tam
933 2309 1015 2385 graui
1031 2311 1198 2371 animarum

199 2413 211 2441 ιι
239 2390 408 2451 discrimine
419 2392 475 2450 talia
494 2410 529 2451 ex
546 2400 628 2469 parte
641 2393 799 2469 apostolico
813 2401 913 2451 nostro
926 2392 1089 2452 ministerio
1099 2393 1199 2455 deesse

199 2497 212 2527 ιι
237 2475 404 2547 videamur,
424 2493 497 2535 neve
511 2485 639 2535 mentem
658 2476 713 2535 lmc
731 2493 819 2552 super
840 2493 874 2534 re
895 2485 1026 2535 nostram
1045 2477 1122 2555 apud
1145 2494 1199 2539 vos

200 2584 213 2613 ιι
237 2562 390 2622 obscuram
402 2570 432 2621 et
444 2560 610 2638 ambiguam
633 2578 695 2620 esse
712 2561 861 2635 sinamus3
877 2585 890 2612 ι
908 2570 1011 2619 notum
1035 2561 1117 2621 vobis
1136 2582 1201 2627 esse

200 2648 352 2720 uolumus,
369 2649 564 2705 memoratam
572 2644 706 2722 superiits
726 2645 839 2723 praxim
854 2641 969 2720 penitirs
982 2645 1201 2723 reprobandam

200 2729 493 2805 osse‚camdemqueit
503 2730 587 2789 nobis
601 2747 654 2806 per
667 2739 822 2807 praesentes
831 2737 944 2788 nostras
956 2729 987 2787 in
999 2729 1091 2788 torma
1100 2732 1202 2793 Brevis

200 2817 322 2875 Litteras
329 2812 498 2890 reprobari,
512 2820 599 2889 atquc
617 2813 770 2882 damnari,
786 2819 937 2889 tamquam
947 2813 1143 2873 scandolosam
1153 2861 1159 2884 ‚
1171 2824 1203 2876 et

201 2898 412 2977 perniciosam,
436 2914 470 2955 ae
495 2906 554 2956 tam
571 2897 655 2956 samoe
676 2898 898 2974 proximorum,
922 2895 1010 2973 quam
1035 2898 1090 2974 ipsi
1111 2900 1203 2959 ctiam

133 2994 137 3001 '
200 2991 381 3040 sacramento
402 2979 594 3056 injuriosam,
615 2980 843 3056 tendentemque
863 2980 899 3037 ad
918 2982 1089 3039 sacrosancti
1113 2983 1203 3060 sigilli

201 3064 417 3124 sacramentalis
432 3066 619 3124 violationem
633 3108 640 3134 ,
653 3073 741 3140 atque
757 3063 793 3122 ab
818 3063 947 3140 ejusdcm
963 3065 1143 3141 poenitentiae
1157 3084 1205 3125 sa·

201 3149 343 3208 crementi
360 3148 512 3227 tantopere
532 3149 685 3225 prolicua,
708 3156 738 3206 et
759 3148 919 3206 necessario
941 3166 995 3206 usu
1012 3148 1113 3207 fideles
1134 3149 1207 3209 aba·

202 3233 373 3293 lienantem.
393 3256 407 3285 ιι
428 3235 607 3310 Eupropter,
624 3231 804 3291 venerabiles
819 3233 954 3301 Fratres,
973 3250 1154 3310 quamquam
1166 3234 1207 3298 de

202 3341 217 3371 ιι
241 3319 378 3396 pastorali
399 3326 497 3377 vestra
514 3310 663 3394 vigilantia
680 3316 754 3376 nibil
771 3325 835 3387 est,
856 3316 935 3394 quod
948 3317 1138 3377 dubitemus:
1154 3336 1209 3378 su·
1244 3327 1249 3332 '

205 3428 218 3455 ι
242 3404 336 3480 premi
357 3410 456 3461 tamen
472 3401 558 3460 officii
579 3420 697 3479 quoque
716 3401 809 3463 nostri
827 3419 889 3462 esse
906 3419 1079 3477 censemus,
1100 3402 1210 3462 alacri·

205 3511 218 3537 ιι
242 3495 331 3546 tatem
345 3488 439 3563 ipsam
458 3495 583 3546 vestram
599 3485 654 3546 bic
677 3487 783 3546 mentis
812 3496 920 3547 nostro
941 3485 1040 3563 aperti
1059 3484 1212 3561 significa·

205 3595 219 3622 ιι
245 3571 338 3644 tionc‚
351 3580 381 3631 et
396 3571 559 3651 apostolicis
575 3572 696 3650 insuper
707 3571 923 3633 hortationibus
939 3571 1046 3630 nostris
1060 3566 1209 3630 intensius
