2642 4150
162 189 182 250 2
354 162 878 262 Deronanorcnroatts.recrea,
900 184 958 245 etc..

163 299 261 352 tamen
275 288 306 351 in
319 287 483 351 novissimis
497 287 697 347 Casuistorum
710 284 911 358 editionibus,
928 293 963 344 ut
974 286 1018 343 La
1034 281 1148 345 Cror'cii
1156 329 1167 360 ,

167 372 360 444 Tombtrrirtt',
377 368 557 443 Bortact'nte,
576 370 658 432 Viros
682 369 836 444 invenies,
853 369 951 448 quae
973 368 1168 449 typographio

123 524 127 532 ,
164 454 559 534 Remondiniauoprodidre.

214 545 286 616 Quae
308 550 406 602 autem
427 541 505 619 teges
523 540 555 600 in
574 557 630 600 usu
652 538 762 600 borum
781 538 969 599 decretorum
991 538 1171 600 servanda?

164 628 264 687 Multae
288 645 323 688 ex
342 626 379 687 iis
399 625 458 703 peti
480 633 619 703 possunt,
640 643 714 703 quas
735 621 812 685 infrb
834 623 1027 701 proferemus.
1055 625 1172 686 Interea

165 708 217 770 has
231 709 327 770 habe:
620 757 627 767 .
1070 758 1074 762 .
1154 732 1161 739 ,

207 796 309 855 Conon
320 797 347 856 1.
362 793 549 865 Videndum,
574 811 635 865 an,
658 811 725 869 quae
743 791 873 852 citantur
893 791 1029 865 decreta,
1043 794 1172 871 genuina

166 881 237 941 sint.
251 882 328 941 Ilinc
349 878 457 940 frustr'a
472 878 635 955 quidquam
653 877 761 937 efficies
783 895 819 936 ex
836 876 913 936 falsis
927 877 1104 939 Pontificum
1120 878 1173 940 de·
1240 930 1242 936 .

167 966 323 1028 cretalibus
344 983 437 1042 usque
456 963 491 1023 ad
501 962 658 1031 siricium,
674 981 746 1039 quas
759 961 858 1022 critici
881 980 983 1022 omnes
997 964 1172 1041 explodunt.

209 1054 311 1112 Conon
324 1050 371 1110 11.
393 1050 467 1108 Cave
484 1092 492 1119 ,
512 1065 571 1120 ne,
596 1046 677 1125 quod
700 1065 790 1106 merae
810 1045 971 1125 disciplina
993 1057 1174 1126 praeceptum

168 1134 246 1206 luit,
262 1133 292 1193 id
306 1132 342 1192 ad
355 1132 480 1193 morales
494 1131 670 1208 quaestiones
692 1129 866 1191 decidendas
886 1130 994 1199 trabas.
1006 1132 1082 1191 Nam
1094 1131 1174 1209 quod

169 1218 242 1280 olim
260 1216 411 1295 disciplina
433 1217 567 1286 vetabat,
588 1216 678 1294 idque
705 1215 760 1275 sub
779 1216 861 1294 gravi
877 1258 886 1288 ,
905 1234 985 1275 nunc
1003 1215 1041 1276 ad
1061 1233 1174 1276 meram

170 1302 282 1365 consilii
302 1302 397 1380 legem
416 1302 546 1362 revocari
561 1300 644 1360 lacild
659 1309 766 1379 potest.
790 1301 837 1360 Sic
858 1301 993 1361 Nicotaus
1008 1302 1032 1361 l.
1048 1302 1085 1361 ad
1104 1320 1175 1364 oon·

168 1389 245 1448 suita
259 1385 454 1463 Bulgarorum
464 1404 491 1444 c.
506 1386 534 1445 9.
547 1386 716 1462 respondit,
730 1385 762 1444 in
772 1383 999 1462 Quadragesima
1010 1403 1071 1446 esse
1081 1384 1098 1446 d
1108 1405 1177 1447 con·

168 1470 289 1552 jugibus
301 1469 385 1530 muni
400 1467 549 1551 voluptati
562 1470 797 1531 renunciandum
804 1513 814 1546 ,
832 1478 861 1530 et
873 1478 907 1530 ott
919 1468 1035 1531 licenter
1046 1471 1178 1533 orationi

170 1564 307 1632 vocetur,
339 1552 470 1615 castitati
487 1558 613 1626 ruentia,
635 1564 665 1615 et
687 1553 819 1635 corporis
839 1553 1085 1632 incumbendum
1109 1557 1177 1634 quis

170 1650 268 1700 autem
282 1658 361 1698 nunc
372 1639 495 1710 inierat,
509 1657 569 1700 non
586 1639 676 1699 licere
688 1639 918 1717 quadragesima
944 1648 1078 1718 temporo
1100 1658 1175 1718 opus

173 1723 326 1803 conjugii?
343 1722 414 1786 vide
430 1721 540 1784 Bened.
554 1724 644 1786 XIV.
660 1724 699 1784 de
712 1743 780 1802 syn.
804 1723 891 1784 dioec.
902 1724 923 1782 1.
936 1726 966 1784 5.
984 1743 1011 1784 c.
1026 1727 1056 1785 l.
1069 1745 1101 1785 n.
1112 1727 1142 1786 8.

213 1810 315 1869 Conon
326 1809 389 1868 111.
408 1807 443 1868 ln
459 1809 494 1869 iis
514 1809 746 1887 questionibus,
765 1809 797 1869 in
818 1808 926 1887 quibus
947 1810 985 1869 de
1003 1811 1102 1870 valore
1122 1811 1177 1871 ali·

173 1894 256 1974 cujus
273 1896 317 1955 rei
347 1892 463 1972 agitur,
485 1891 556 1972 putb
580 1895 783 1968 matrimonii,
802 1892 911 1954 frustra
934 1894 1111 1955 Pontificum
1125 1895 1178 1955 de-

172 1991 251 2044 creta
276 1981 421 2052 citantur,
442 1998 509 2057 quaa
523 1977 620 2040 sollum
640 1981 777 2040 illicitum
799 1980 910 2058 aliquid
931 1989 1076 2041 statuunt.
1090 1982 1137 2041 Sic
1151 1982 1177 2042 si

173 2068 211 2129 de
223 2064 407 2127 matrimonii
422 2063 595 2125 clandestini
608 2065 709 2126 valore
724 2066 884 2144 quaeritur,
907 2063 1060 2145 perperim
1073 2066 1180 2147 allega·

178 2161 265 2215 retur
279 2151 381 2213 streete
402 2149 554 2210 decretum
575 2151 608 2210 in
625 2152 719 2229 Epist.
736 2152 772 2211 ad
785 2150 951 2213 Hr‘rneriurn
969 2171 992 2212 c.
1010 2153 1040 2211 l.
1054 2152 1181 2213 volentis

174 2235 347 2298 sacerdotali
365 2234 571 2296 benedictione
584 2236 732 2314 obsignari
751 2238 894 2314 sponsalia
915 2237 953 2297 de
972 2237 1092 2314 futur03
1110 2255 1181 2299 nam

174 2320 374 2390 aedieamus,
399 2319 487 2379 etiam
507 2320 732 2398 promissionem
746 2321 928 2381 matrimonii
948 2320 1068 2381 inanem
1089 2320 1180 2382 fuisse

173 2407 238 2466 siue
254 2402 410 2464 sacerdotis
432 2402 653 2476 benedictione,
671 2404 813 2467 dicendus
831 2414 875 2463 est
896 2405 1030 2465 Pontifex
1049 2415 1181 2483 praecep·

174 2499 240 2551 tum
270 2487 477 2548 tantummodo
501 2489 695 2566 imposuisse,
718 2489 799 2568 quod
826 2489 928 2550 illicita
952 2489 1090 2549 redderet
1118 2506 1181 2551 non

174 2572 303 2636 invalida
329 2573 473 2650 sponsalia
493 2572 603 2649 absque
632 2574 790 2634 sacerdotis
821 2573 1038 2635 benedictione.
1059 2571 1178 2634 Confer.

123 2701 129 2706 -
175 2655 287 2719 Bened.
302 2656 393 2717 XIV.
410 2655 448 2715 de
464 2656 536 2735 Syn.
548 2657 640 2716 Dioec.
652 2659 675 2717 l.
690 2660 720 2719 8.
734 2677 761 2718 e.
775 2660 823 2719 ll.
837 2678 869 2718 n.
881 2659 909 2717 5.

216 2739 357 2806 Conon]
361 2741 397 2802 V.
420 2740 570 2801 Pontificis
595 2740 713 2801 decreto
740 2742 852 2819 aliquid
876 2741 1038 2802 universim
1058 2742 1183 2821 permit·
1247 2797 1250 2802 .

175 2826 251 2889 tenti
275 2842 336 2885 non
360 2824 518 2902 derogatur
536 2842 590 2902 per
602 2826 808 2903 subsequentia
827 2826 964 2899 decreta,
981 2845 1048 2904 quae
1068 2828 1100 2887 in
1117 2844 1185 2904 spe·

177 2909 299 2974 cialibus
313 2908 489 2986 quibusdam
498 2908 612 2968 casibus
622 2910 696 2969 illud
710 2910 851 2970 limitant.
862 2911 1051 2973 lactorentius
1057 2913 1121 2974 111.
1134 2932 1183 2977 ex.

177 3014 223 3078 gr.
239 2995 271 3055 in
290 2993 393 3071 capt
412 2991 496 3055 nobt'o
516 2994 546 3052 9.
568 2992 604 3054 de
627 2994 784 3056 cohabitat.
806 2993 900 3055 cleric.
924 3003 952 3053 et
975 2992 1092 3056 molier.
1113 3000 1183 3059 ait:

179 3084 254 3142 Cum
265 3074 376 3139 clericis
389 3095 503 3159 quoque
520 3096 581 3139 reon
592 3078 748 3159 permittas
761 3075 951 3139 mulierculas
964 3077 1114 3152 babitare,
1123 3082 1189 3142 nisi

177 3162 256 3244 sorte
275 3160 310 3223 de
328 3159 390 3223 etto
414 3162 547 3242 personis
574 3165 725 3236 existant,
749 3164 909 3242 inquibus
931 3162 1067 3225 naturale
1089 3163 1187 3243 suedos

178 3244 259 3310 nibil
270 3244 418 3327 pemittit
435 3246 509 3309 atrei
529 3244 667 3308 criminis
695 3247 851 3328 suspicari.
867 3249 975 3309 Contra
998 3250 1188 3310 Nannetensc

180 3331 345 3394 Concilium
358 3331 462 3392 incerti
483 3332 552 3391 anni
567 3375 575 3403 ,
598 3331 682 3408 cujus
694 3334 865 3393 constitutio
882 3334 992 3394 inserta
1007 3332 1064 3393 suit
1079 3332 1189 3410 compi·

178 3416 284 3477 lationi
303 3415 502 3476 Decretalium
526 3414 662 3495 Greport‘e’
676 3417 742 3487 IX,
762 3417 851 3478 etiam
872 3424 1016 3489 matrem,
1041 3418 1188 3489 amitant,
1221 3411 1229 3423 “

179 3516 308 3561 sororem
320 3495 337 3558 b
351 3500 523 3561 clericorum
538 3499 677 3561 domibus
701 3501 848 3572 excludit,
865 3501 975 3561 scilicet
993 3497 1062 3560 edm
1076 3500 1113 3558 de
1132 3498 1193 3561 boc

180 3589 234 3646 aut
246 3583 298 3645 illo
312 3583 428 3664 agitur,
443 3582 526 3663 cujus
542 3582 695 3664 depravati
716 3594 785 3646 sunt
802 3602 919 3661 mores,
932 3592 962 3646 ct
981 3601 1048 3648 oum
1058 3581 1193 3672 quolibet
