2642 4150
422 191 502 253 Pera
517 189 654 253 sectando.
679 178 776 275 Caput
792 196 838 256 ll.
1073 202 1129 265 tlt

16 319 18 356 l
124 299 227 362 timon
240 297 416 374 potestatem
432 291 666 371 impugnandam
685 294 822 373 suscepit.
836 294 900 368 Qua
920 296 1084 362 calamitate
1096 312 1130 362 ut

16 417 18 440 i
123 380 240 444 ltaliam
255 377 387 454 aliasque
398 374 533 453 regiones
549 374 611 437 imb
624 385 655 438 ct
672 377 767 455 ipsam
785 377 969 456 pontificiam
987 381 1130 445 ditionem

123 464 169 547 (in
187 481 297 543 quam,
311 459 456 539 impedito
475 460 619 540 tantisper
640 461 793 540 pontificio
808 463 956 541 regimina
968 508 978 537 ,
991 466 1041 527 illa
1057 468 1131 530 irre·

123 558 224 631 pscrm
243 545 304 608 nub
326 564 395 607 eum
416 546 525 606 exteris
544 543 717 608 bominibus
737 545 802 625 ejus
824 548 1009 611 invasoribus
1025 552 1132 614 libera-

16 635 17 698 ἐ
123 634 195 713 ret)
218 632 314 693 felicis
339 630 552 692 reeordationis
575 630 653 691 Picta
686 633 759 693 Vll.
786 633 833 693 cui
855 650 909 694 nos
938 634 1054 697 suffecti
1081 654 1132 697 su·

16 765 17 770 1
124 737 215 790 mus,
236 713 490 779 Carbonarioruat
507 723 635 787 sectam,
655 733 842 794 quocumque
868 718 987 780 tandem
1011 722 1132 782 nomine

124 821 181 884 pro
198 803 355 871 locorum,
370 798 565 870 idiomatum,
589 808 620 860 et
638 798 795 860 homiuum
816 800 986 865 diversitate
1002 806 1133 885 appella·

123 893 226 959 rctur,
237 884 419 963 gravissimis
431 883 525 962 poenis
538 882 707 955 damnavit,
717 884 795 945 edita
809 885 907 947 idibus
916 889 1132 967 septembribus

123 988 204 1031 anno
216 968 375 1029 millesimo
388 969 633 1045 octingentesimo
643 968 786 1047 vigesimo
797 969 895 1047 primo
905 973 1130 1045 constitutione,

123 1053 212 1131 euius
232 1053 353 1114 initium
370 1047 533 1113 Beckeiam
551 1054 571 1113 d
590 1054 663 1113 Jeau
685 1051 812 1114 Christo.
826 1052 919 1131 Hujus
932 1056 1021 1117 etiam
1032 1074 1132 1118 mam-

125 1139 215 1217 plum
232 1138 339 1198 nosuis
359 1133 439 1197 hisce
456 1136 562 1197 litteris
581 1136 771 1198 inserendum
784 1155 846 1197 csse
857 1141 1041 1212 censuimus,
1052 1142 1132 1219 quod

127 1230 175 1284 est
195 1220 357 1301 eiusmodi:

152 1397 243 1476 Pius
258 1396 456 1502 Episcopus
471 1397 611 1474 Servus
623 1397 820 1476 Servorum
839 1399 907 1476 Dei
924 1400 969 1475 ad
986 1426 1109 1502 parpa-

419 1511 520 1580 tuam
538 1505 592 1580 rei
608 1505 837 1580 memoriam.

167 1701 359 1765 Ecclesiamb
379 1704 447 1766 lesu
465 1704 581 1767 Christo
602 1705 757 1766 Servatore
781 1713 882 1766 nostro
906 1723 992 1786 supra
1015 1706 1133 1770 firmam

125 1798 244 1870 petram
262 1789 433 1864 fundatam,
454 1800 484 1853 at
505 1790 644 1851 adversius
668 1810 757 1869 quarn
776 1790 1043 1871 ipsemethristus
1063 1795 1133 1872 pro·

124 1874 208 1935 misit
226 1892 391 1952 numquam
408 1885 510 1954 portas
525 1876 610 1935 inferi
632 1876 854 1954 praevalituras,
873 1884 919 1936 tot
937 1894 1013 1956 saepe
1026 1896 1059 1937 ae
1072 1887 1133 1939 mm

123 1958 311 2019 formidolosi
330 1957 427 2019 hostes
448 1962 573 2039 aggressi
592 1969 678 2031 sunt,
695 1969 749 2031 ut,
768 1961 824 2021 nisi
839 1960 938 2020 divina
955 1961 1005 2020 itta
1025 1970 1055 2021 et
1067 1979 1133 2040 quac

25 2116 32 2133 Ι
124 2044 255 2105 transire
275 2061 337 2105 uon
358 2052 454 2121 potest
468 2045 622 2124 promissio
640 2045 849 2106 intercessisset
861 2088 870 2117 ,
882 2043 1075 2105 metuendum
1088 2045 1133 2104 vi-

124 2128 267 2201 deretur,
281 2146 325 2199 nc,
339 2128 420 2208 ipsa,¹
439 2130 558 2191 illorum
579 2138 630 2190 aut
650 2130 680 2191 vi
699 2139 751 2190 aut
771 2130 884 2190 ortibus
905 2136 956 2189 aut
976 2129 1134 2190 ealliditate

124 2216 348 2288 circumventa,
366 2215 483 2295 penitius
500 2218 647 2278 interiret.
658 2214 745 2290 'Quod
763 2216 835 2277 verb
851 2215 1054 2295 superioribus
1067 2233 1133 2276 eve·

124 2301 194 2372 nit,
211 2299 243 2360 id
261 2300 350 2359 ctiam
373 2309 404 2360 et
424 2300 570 2381 praecipui
590 2301 712 2380 quidem
728 2302 859 2362 luctuosa
870 2299 925 2360 hae
938 2308 1037 2361 nostra
1049 2308 1134 2361 aetatc

124 2383 236 2445 factum
252 2392 314 2453 est,
332 2402 398 2461 qaae
414 2384 606 2446 novissimum
622 2385 697 2446 illud
713 2396 829 2465 tempus
841 2402 903 2446 csse
918 2385 1037 2446 videtur
1050 2384 1132 2446 tantd

125 2470 164 2531 ab
183 2468 323 2548 apostolis
342 2471 572 2547 praenuntiatum
593 2470 635 2550 (l)
648 2514 657 2542 ‚
670 2489 730 2547 quo
748 2472 868 2531 venient
886 2471 1019 2530 illusores
1031 2486 1134 2528 seeun-

124 2554 201 2618 ddm
222 2553 367 2615 desideria
393 2571 445 2615 sua
468 2548 652 2617 ambulantes
671 2556 708 2615 'in
737 2554 947 2633 impietatibus.
970 2555 1031 2612 Nee
1052 2554 1134 2611 enim

125 2656 309 2718 quemquam
333 2639 427 2713 latet,
448 2651 558 2719 quanta
580 2641 771 2700 scelestorum
793 2637 951 2699 bominum
975 2635 1135 2714 multitudo
1177 2644 1182 2651 '

124 2721 308 2785 difficillimis
328 2722 408 2785 hisce
428 2725 612 2804 temporibus
630 2721 826 2784 convenerint
844 2721 876 2780 in
892 2734 986 2778 unum
998 2717 1135 2781 adversita

125 2809 291 2869 Dominum
303 2818 333 2869 et
344 2809 482 2871 advorsds
491 2809 642 2871 Christum
655 2807 720 2885 ejus
731 2851 739 2880 ,
750 2807 801 2885 qui
815 2806 846 2867 id
858 2801 1004 2884 praecipud
1013 2812 1132 2883 curant,

125 2900 180 2970 ut,
199 2892 331 2971 deceptis
352 2911 407 2972 per
426 2892 644 2973 philosophiam
667 2902 698 2954 et
716 2893 835 2954 inanem
853 2889 995 2950 fallaciam
1008 2890 1136 2970 (illide-

124 2976 207 3038 libus
225 2986 255 3037 et
270 2976 307 3038 ab
324 2978 457 3039 Ecclesia
471 2978 604 3039 doctrina
624 2978 749 3050 avulsis,
764 2978 858 3057 ipsam
871 2975 1026 3036 Ecclesiam
1037 2976 1133 3057 (irrito

125 3059 196 3121 liodt
213 3060 335 3139 conatu)
356 3061 530 3123 labefactent
548 3072 578 3123 et
594 3071 739 3123 everunt.
760 3060 845 3137 Quod
866 3067 901 3120 ut
923 3059 1035 3122 facilius
1058 3081 1135 3125 asse·

124 3153 312 3223 quermtur,
334 3162 440 3205 eorum
464 3145 598 3225 plerique
618 3148 748 3209 occultos
768 3156 861 3207 cactos
884 3146 1134 3226 clandestinasque

123 3237 219 3289 sectas
231 3233 393 3307 coegerunt
405 3273 414 3300 ,
426 3247 463 3289 ex
480 3230 589 3307 quibus
606 3230 741 3295 futurum
754 3232 930 3311 sperabant,
942 3240 976 3292 ut
990 3233 1134 3313 plurimos

123 3311 242 3456 {agnata
263 3311 477 3388 conjurationis
499 3320 530 3373 et
551 3315 669 3378 sceleris
688 3317 856 3379 societatem
876 3315 998 3378 liberibs
1020 3322 1134 3394 pertra-

200 3414 219 3456 n
236 3438 244 3454 .

156 3539 592 3614 nptaapaa.a.taaaap'au.v.to.

158 3610 412 3671 attrectamus.
904 3650 912 3657 „
954 3627 1017 3672 aun.
