2642 4150
334 176 380 233 Dc
394 171 588 253 prohibitione
604 170 756 235 librorum.
772 176 869 254 Caput
885 178 948 237 111.
1086 180 1139 240 erl

144 273 393 340 Priscillianorum
411 276 443 334 in
456 276 586 335 Concilio
601 277 624 334 l.
639 275 827 335 bracharensi
845 277 914 335 antri
933 279 1007 348 565,
1022 278 1063 339 sie
1078 281 1145 359 legi·

144 374 190 423 tur
208 360 261 438 (ihi
283 362 315 419 in
329 377 393 418 can.
411 359 494 435 lib:
510 358 546 418 Si
564 359 631 439 quis
649 360 836 438 Scripturas,
852 379 928 440 quos
937 359 1144 423 Priscillianus

142 442 298 506 sectrndirrn
320 460 409 502 suunt
428 441 602 521 depravavit
625 458 770 518 errorem3
791 441 838 502 cci
858 452 1001 503 tractatus
1020 446 1146 506 Dictinii

142 531 228 608 (quos
246 529 309 607 ipsc
327 528 463 603 scripsit,
482 526 655 604 pciirsquam
675 527 906 604 converteretur)
925 525 1013 608 lepis,
1028 538 1084 589 aut
1100 529 1145 589 cie·

140 612 256 692 herebit,
275 608 434 671 anathema
451 614 502 669 sit.
520 612 633 669 Pariter
653 609 685 668 in
701 612 832 671 Concilio
845 612 986 671 Toletano
1007 615 1058 671 lll.
1074 614 1143 673 anni

142 697 220 765 589,
243 694 370 753 habetur
392 715 400 751 ε
424 693 576 753 Sarrcituur
597 701 659 765 cst,
676 702 711 752 ut
732 691 802 754 iibri
822 712 922 755 omnes
945 694 1144 756 hereticorum

140 781 206 858 ipni
223 774 410 839 conrburemii
432 775 585 836 darentur.
608 779 724 835 Boron.
743 776 783 836 ad
800 796 873 837 arra.
900 780 966 838 589.
990 798 1022 837 n.
1044 782 1093 838 44.
1110 782 1144 839 ln

140 863 330 939 mouentibus
341 860 453 920 socculis
467 878 544 919 anno
562 862 639 929 649,
657 861 687 918 in
710 862 821 920 Concil.
840 864 972 921 Romano
987 863 1042 920 suh
1057 865 1144 923 Mar·

142 950 205 1006 tineo
229 948 252 1004 i.
270 947 344 1004 Can.
368 945 405 1003 l8
425 944 537 1003 dictum
558 943 637 1002 init:
660 943 695 1003 Si
715 943 782 1023 ortis
802 963 862 1003 reon
880 948 1009 1024 respuit,
1023 954 1050 1004 ct
1068 965 1144 1005 ona·

143 1027 318 1088 thensatizat
326 1026 425 1087 aninto
437 1034 465 1087 ct
474 1026 522 1088 ore
532 1024 762 1105 nefandissimos
771 1025 918 1088 hereticos
928 1030 1046 1104 (nempe
1060 1028 1145 1089 Theo·

142 1109 250 1171 thorum
260 1110 476 1180 Pharambara,
489 1113 601 1189 Cprum
614 1153 621 1181 ,
634 1109 786 1186 Scrqirnn,
799 1118 828 1169 ct
838 1108 970 1170 Panium
982 1111 1144 1190 Pyrrhum)

142 1213 210 1255 acm
231 1193 365 1254 erunibus
385 1193 486 1274 impiis
512 1211 614 1253 corum
635 1192 843 1271 corescriptis...
864 1193 1073 1255 condescuratus
1093 1199 1143 1257 sit.

142 1278 354 1338 reinseri.
373 1278 509 1337 damnata
530 1277 651 1335 fuorunt
669 1284 699 1334 ct
718 1276 774 1333 sub
794 1275 977 1336 anathemate
998 1279 1145 1355 prohibito

142 1364 249 1440 scripta
267 1361 468 1421 commentitia
478 1363 617 1433 hierenae,
632 1369 662 1418 et
675 1356 785 1439 Viptttt
794 1362 878 1436 Papae
891 1361 1025 1420 donnica
1038 1363 1144 1423 Christi

141 1446 305 1505 voluntate.
328 1447 365 1504 Et
388 1446 421 1504 in
446 1442 589 1505 Trebiano
616 1461 696 1502 orrrra
717 1445 785 1502 697.
809 1446 883 1503 Can.
902 1447 952 1503 65.
978 1447 1146 1522 proscriptae

140 1532 263 1589 suerunt
283 1529 416 1606 quaeclam
432 1528 607 1614 apocryphae
626 1530 790 1606 Martyrum
806 1529 941 1587 Historiae
954 1572 962 1599 ,
975 1538 1005 1587 ct
1020 1528 1147 1588 flammis

141 1614 268 1673 traditos.
293 1617 368 1674 ltem
387 1632 465 1674 nono
485 1615 561 1684 745,
581 1615 612 1673 S,
628 1610 814 1691 Bonifatius
826 1614 982 1691 Episcopus
1001 1615 1151 1692 Mogonti-

142 1715 219 1767 reus,
240 1695 380 1773 sedisque
395 1697 558 1776 apostolicae
573 1698 684 1778 legatus
703 1694 860 1755 concilium
877 1698 1048 1765 advocavit,
1063 1697 1147 1775 eujus

96 1788 99 1793 '
141 1782 267 1858 imperio
285 1779 392 1859 scriptu
415 1783 498 1858 impii
512 1778 663 1841 Ariaibcrti
690 1780 839 1840 combusto
858 1781 990 1841 fuerunt.
1013 1783 1147 1859 Denique

141 1863 306 1924 Zacharias
324 1865 401 1941 Papa
414 1865 450 1936 ,in
464 1866 595 1924 Concilio
609 1867 742 1923 Romano
763 1865 842 1924 idem
855 1866 1031 1924 confirmans
1045 1866 1121 1926 dixit
1135 1888 1143 1925 z

142 1947 261 2029 Optimi
272 1948 422 2027 provisum
435 1950 455 2007 b
470 1956 567 2009 uestra
581 1949 735 2008 sarectitote
742 1992 752 2023 ,
764 1956 800 2006 ut
815 1949 979 2028 conscripta
990 1946 1071 2007 iltius
1084 1968 1146 2010 em·

138 2034 196 2094 nio
217 2030 290 2111 ipnc'
303 2032 517 2092 concrementur
534 2077 543 2106 ,
562 2031 639 2109 apud
664 2034 779 2092 Boron.
799 2031 839 2091 od
859 2049 933 2090 aun.
950 2033 1018 2091 745.
1042 2049 1075 2092 n.
1096 2034 1145 2092 56.

139 2119 217 2177 ltcm
236 2116 268 2174 in
282 2116 411 2176 Concilio
423 2112 542 2176 Nicoeno
559 2116 598 2176 ll.
616 2135 685 2176 ann.
703 2116 778 2188 787,
792 2115 950 2193 proscripti
965 2115 1086 2174 luerunt
1098 2116 1148 2175 ali·

138 2203 194 2278 qui
210 2196 452 2260 iconoclastarum
475 2201 544 2261 libri
557 2244 566 2273 ,
580 2199 626 2260 his
639 2201 737 2262 vorbis
752 2220 762 2260 z
781 2198 951 2261 Anathema
967 2196 1028 2260 iih's
1043 2197 1145 2276 tibris,

138 2292 169 2344 ct
193 2283 311 2360 eisqui
332 2280 624 2363 icpcentdbihrhh.
717 2325 726 2333 ν
932 2296 934 2299 ’

178 2365 350 2427 villiano
371 2368 476 2427 soeoulo
495 2367 637 2431 Nicotaus
657 2372 756 2446 Papa,
779 2368 848 2429 ciem
865 2371 1026 2449 requisitus
1045 2370 1147 2431 luisset

137 2450 154 2509 ir
180 2448 335 2524 bulgaris,
359 2448 431 2525 quid
461 2451 626 2513 iaciendum
650 2452 688 2509 de
712 2452 794 2509 libris
819 2453 914 2511 allatis
934 2452 952 2511 l
972 2455 1145 2522 Saracenis,

139 2530 297 2608 respondit
325 2553 333 2590 ε
366 2534 467 2610 litpoti
501 2533 587 2591 cranii
621 2541 650 2593 et
684 2531 870 2609 blasphemi,
896 2533 961 2611 iqui
998 2532 1144 2593 tradendi.

138 2617 237 2693 Epist.
264 2616 301 2674 ad
323 2616 441 2693 Bulgar.
468 2619 610 2676 Prcctcroo
632 2615 784 2676 Adrianus
805 2617 880 2692 Papa
912 2633 990 2673 anno
1013 2616 1081 2674 869.
1106 2618 1147 2675 sic

137 2695 260 2758 Basilia
281 2701 453 2776 Imperatori
479 2702 594 2777 scripsit
611 2700 745 2759 :Cuncta
763 2697 948 2779 decernimus
966 2694 1150 2774 cxenrpiariu

138 2780 265 2858 (Pharii)
287 2782 408 2859 prorsus
429 2785 450 2842 i
470 2782 684 2862 possessoribus
710 2778 812 2841 abbata
834 2783 901 2860 ipae
926 2778 1073 2855 cremam
1096 2799 1148 2842 uec

138 2874 290 2943 superesse
312 2864 395 2945 aprici
414 2864 569 2944 quemlihet
591 2886 627 2926 ca
646 2865 693 2926 bis
716 2884 810 2924 etnurn
833 2865 966 2944 apicem,
989 2864 1051 2923 nisi
1070 2861 1148 2944 forte

139 2946 280 3027 quisquis
295 2948 385 3008 totius
402 2949 531 3010 rtorrrinis
551 2950 710 3010 christiani
719 2949 877 3029 dipnitate,
890 2948 1075 3010 anathemate
1085 2968 1148 3030 pcr-

140 3028 259 3100 cuisus,
280 3034 378 3090 cartre
390 3029 525 3093 uoluerit.
537 3033 719 3094 Accendatur
732 3036 821 3092 etiarn
841 3042 898 3093 tna
914 3031 994 3094 acinis
1009 3035 1146 3114 pietatis,
1186 3101 1194 3113 ‚

140 3120 195 3170 cte.
217 3114 323 3190 Sisque
345 3116 533 3194 prosequitur
553 3120 706 3186 Pontifex,
730 3136 836 3194 rogans
858 3120 1086 3195 Imperatorem,
1113 3129 1147 3178 ut

140 3196 205 3270 ipso
226 3197 287 3256 suis
304 3199 393 3257 etism
417 3200 518 3259 edictis
540 3201 625 3278 poenh
648 3206 794 3261 scisceret
820 3202 1047 3273 inobedientes,
1067 3202 1146 3278 apud

140 3276 303 3356 Beperb'uh
314 3281 391 3342 verb.
402 3281 532 3343 Dedecus
544 3280 589 3343 h't.
601 3282 626 3362 f.
646 3285 811 3344 Concilium
826 3286 963 3344 Tullensc
977 3285 1056 3343 xlv,
1068 3300 1146 3340 anno

141 3363 212 3421 850.
226 3382 291 3423 can.
306 3367 336 3424 4.
358 3367 542 3427 confirmavit
565 3386 706 3428 canonem
719 3372 769 3429 lV.
785 3370 907 3427 Consilii
926 3365 1074 3427 Valentini
1092 3364 1144 3421 ΙΙΙ.

143 3447 196 3520 qui
207 3447 244 3505 dc
253 3448 337 3507 libris
347 3449 424 3508 Scoti
434 3454 461 3508 E
462 3451 569 3533 ripense
581 3453 620 3510 ito
633 3453 822 3511 statuerottrl
836 3451 886 3528 pio
897 3447 1031 3526 fidetium
1040 3442 1147 3502 auditu

140 3526 262 3604 penitis
275 3528 480 3619 explodimus,
497 3544 525 3600 et
539 3544 571 3597 ut
583 3533 657 3598 tatio
675 3544 702 3596 et
721 3529 835 3599 similia
847 3532 957 3612 scripta
969 3533 1146 3600 caueantur,
