2642 4150
507 166 584 226 Pure
600 163 712 243 priato.
726 162 752 244 S
774 165 812 224 ιι.
1125 171 1164 230 ιδ

194 269 242 330 at.
260 267 342 329 Licet
355 281 517 348 procurare
530 263 668 326 abortum
688 272 756 326 ante
774 263 987 327 animationem
1003 266 1111 341 letda,
1124 285 1164 329 ne

154 351 254 430 puella
274 347 458 429 deprehensa
481 348 601 426 gravida
622 345 790 420 occidatur,
812 356 864 409 aut
884 348 1054 412 iniamctur.

147 437 244 498 55.
262 431 576 511 Videturprobabile,
596 448 717 495 ornnem
737 393 859 502 iculum,
874 435 1041 535 quamdiu
1032 420 1163 499 inolere

146 529 217 589 est,
230 537 330 580 curere
350 518 448 579 animi
467 517 625 588 rationali,
644 527 677 578 et
695 526 768 577 tunc
789 515 920 595 primiim
936 518 1066 598 incipere
1083 537 1163 579 mtu-

138 604 224 664 dein
246 599 422 672 haltere,
392 620 459 663 cum
483 604 611 680 paritur,
628 620 662 662 ac
681 610 895 679 consequenter
913 602 1073 667 dicendum
1085 603 1160 677 erit,

153 689 186 750 in
207 688 292 748 nullo
316 687 422 749 aliertu
442 684 635 747 homicidium
655 687 811 747 committi.

194 772 246 832 56.
263 771 444 831 Permissum
466 778 511 829 est
532 770 646 843 iurari,
661 787 723 831 nnn
737 767 834 831 solium
856 770 889 832 in
906 778 1039 834 extrenum
1060 789 1162 834 neces·

152 856 259 926 situle,
280 854 333 915 sed
355 855 445 915 etiam
468 854 501 913 in
524 853 617 931 pavi.

192 938 244 1000 57.
267 938 402 1008 lemnii,
426 946 456 999 et
474 937 592 997 nimuloe
615 936 784 999 domestice
806 949 928 1018 ponunt
948 939 1061 1002 occulte
1080 938 1160 1002 lieris

154 1024 216 1082 sciis
234 1024 383 1101 surripere
402 1021 438 1082 nd
461 1021 706 1100 compensandum
727 1040 848 1101 operam
869 1042 971 1098 tuam,
985 1043 1075 1103 quam
1097 1042 1160 1087 mn·

153 1106 250 1183 jurem
266 1106 402 1184 judicant
419 1106 542 1176 salerio,
559 1106 638 1183 quud
657 1107 815 1180 rccipiunt.

194 1194 245 1253 58.
256 1193 321 1252 Non
335 1201 453 1251 tenetur
467 1191 533 1268 quis
548 1190 603 1249 sub
617 1209 701 1268 piena
719 1191 828 1269 peccati
840 1194 973 1255 mortalis
986 1194 1158 1265 restituere,

153 1276 234 1354 quod
244 1276 375 1336 allatum
389 1275 698 1354 superponentem,
712 1287 994 1358 quamtumcumque
1003 1280 1042 1339 ιιι
1054 1296 1158 1358 magna

152 1378 270 1421 summa
286 1361 393 1421 totalis.

194 1446 245 1504 59.
265 1443 322 1518 Qui
343 1445 432 1507 elium
456 1450 645 1514 movet,aut
666 1442 782 1504 inducit
798 1444 836 1504 ad
858 1444 1046 1507 inierendum
1068 1463 1159 1524 grave

154 1530 302 1588 damnum
321 1530 425 1600 tertio,
448 1547 510 1590 non
532 1536 653 1589 tenetur
671 1526 709 1587 ad
726 1528 945 1591 restitutionem
961 1530 1045 1591 istius
1059 1529 1159 1589 damni

154 1613 244 1675 illati.

190 1698 244 1759 to.
256 1697 428 1758 Contractus
443 1695 576 1759 mohetra
589 1693 688 1758 licitus
700 1704 762 1767 est,
776 1698 864 1758 etiam
880 1708 1012 1779 respectu
1027 1697 1159 1779 ejusdem

151 1800 288 1862 personoe
298 1826 306 1853 ,
317 1793 347 1841 et
364 1801 432 1842 eum
445 1792 595 1843 contractu
614 1782 874 1844 retrovenditionis
887 1784 1080 1863 provicinito
1090 1803 1158 1848 tum

150 1866 320 1929 intentione
335 1867 424 1927 lueri.
498 1938 502 1949 Ι
655 1885 658 1891 ’
692 1888 695 1893 ·
850 1936 852 1939 ,

192 1952 244 2011 ιι.
257 1943 501 2012 cum'nnmcrao
520 1952 642 2030 pecunia
664 1951 821 2030 pretiosior
842 1952 881 2011 sit
905 1953 1108 2023 numerandi,
1130 1962 1159 2015 et

154 2037 257 2098 nullus
269 2036 324 2113 sit,
338 2036 390 2115 qui
403 2053 462 2096 non
474 2035 593 2112 majoris
603 2037 688 2097 iaciat
698 2038 852 2115 pecuniam
864 2044 1036 2113 presentem
1049 2081 1058 2107 ‚
1071 2036 1158 2117 quam

151 2126 307 2193 totamm,
329 2130 426 2199 potest
446 2120 575 2182 creditor
591 2120 702 2199 aliquid
728 2123 804 2182 ultra
827 2127 938 2182 sortem
951 2118 968 2180 l
981 2121 1158 2183 mutuatario

153 2207 293 2284 exigere,
312 2214 343 2266 et
357 2222 393 2265 ee
414 2205 500 2265 titulo
519 2205 558 2266 ab
577 2223 666 2266 usura
687 2206 829 2265 excusari.

192 2292 243 2352 ιι.
265 2290 357 2352 Usum
381 2299 525 2361 nonest,
552 2288 625 2350 dium
651 2289 728 2349 ultra
748 2299 857 2350 sortem
881 2288 993 2368 aliquid
1014 2288 1158 2368 exigitur,

152 2373 305 2452 tnniquim
316 2391 352 2433 cx
362 2373 622 2444 benevolentie,et
633 2374 814 2452 gratitudine
824 2373 956 2435 debitum
964 2370 1159 2450 ,aedsolilm

152 2460 179 2518 si
197 2460 332 2536 exigatur
353 2468 501 2537 tamquam
518 2477 554 2519 ex
569 2457 682 2536 justitia
702 2459 848 2518 debitum.

194 2544 244 2604 ιδ.
263 2542 373 2616 Quidni
391 2544 522 2603 nonnisi
543 2544 657 2604 veniale
678 2544 736 2613 sit,
757 2542 938 2604 detrahentis
956 2542 1159 2606 auctoritatem

139 2623 292 2705 'magnam
311 2626 368 2685 silai
389 2627 507 2687 noxiam
523 2628 596 2687 ialso
615 2626 740 2686 crimine
760 2623 893 2686 elidere?

193 2713 243 2772 ll.
271 2710 423 2770 Prolmbile
442 2722 507 2783 cst,
532 2729 592 2770 non
614 2726 735 2787 peccare
757 2709 941 2779 mortaliter,
961 2710 1012 2787 qui
1036 2710 1158 2787 imponit

152 2797 260 2856 falsum
277 2794 388 2854 crimen
408 2795 513 2864 alieni,
529 2803 563 2853 ut
578 2812 662 2853 suum
680 2792 844 2870 justitiam,
861 2802 891 2853 et
904 2792 1047 2854 honorum
1060 2793 1161 2858 delen·

151 2881 215 2942 dut.
230 2880 267 2938 Et
286 2878 310 2938 si
329 2876 385 2939 lice
406 2897 466 2939 non
489 2880 527 2939 sit
546 2878 716 2957 probabile,
739 2878 804 2940 vix
813 2878 872 2939 ulla
893 2879 950 2939 erit
970 2879 1071 2960 opinio
1091 2898 1160 2961 pro·

153 2963 288 3027 babilis
280 2981 310 3021 in
329 2962 483 3040 theologia.
720 3021 722 3025 ,

193 3049 242 3109 45.
258 3045 335 3106 Dare
350 3050 511 3125 temporale
524 3066 578 3126 pro
590 3015 736 3126 spirituali
749 3066 807 3108 non
822 3057 865 3109 est
883 3050 1007 3110 simonia
1020 3051 1159 3129 ,quande

154 3132 318 3213 temporale
331 3150 390 3195 non
409 3133 498 3192 datur
516 3142 676 3210 tamquam
688 3134 834 3210 pretium,
852 3135 902 3196 scd
915 3135 1066 3196 dumtaxat
1086 3147 1160 3198 tam·

154 3238 243 3298 quam
257 3218 403 3277 motivum
416 3218 583 3277 coirierendi
593 3260 602 3286 ,
614 3217 660 3276 vel
673 3217 816 3277 alliciendi
831 3219 1000 3297 spirituale,
1013 3220 1059 3280 iel
1072 3221 1158 3280 ctiam

154 3303 272 3380 quando
294 3302 457 3380 teriiporale
474 3303 514 3363 sit
534 3300 629 3363 solium
647 3304 774 3380 gratuita
795 3306 992 3383 compensatio
1005 3322 1059 3385 pro
1072 3305 1160 3381 spiri·

156 3387 247 3463 tuuli,
268 3396 320 3447 aut
338 3385 354 3445 d
376 3386 487 3447 contria.

193 3471 243 3531 to.
261 3472 299 3534 lit
316 3469 347 3529 id
362 3489 479 3550 quoque
493 3473 590 3534 locum
604 3471 709 3545 habet,
722 3474 835 3534 etiamsi
852 3472 1014 3551 temporale
1024 3471 1064 3529 eit
1077 3471 1161 3548 prin³

157 3553 249 3636 cipulc
264 3553 410 3628 metitum
434 3554 523 3619 dandi
545 3557 713 3636 spirituale,
735 3557 796 3619 imd
810 3558 923 3616 etiamsi
937 3556 980 3693 sip
988 3552 1056 3614 linis
1070 3554 1160 3633 ipsius
