2642 4150
386 714 898 868 APPENDIX·

484 1104 802 1188 nissnnmno
834 993 836 998 ·

120 1466 125 1473 ,
210 1417 248 1467 bn
267 1421 349 1468 ausit
369 1417 568 1470 atramentaria
587 1424 622 1467 en
642 1419 810 1468 nuntiamus·
832 1419 973 1471 taanenu!
994 1431 1091 1473 noenu

561 1501 707 1552 tetraonis
718 1536 725 1562 ,

168 1720 277 1806 Brevi
300 1730 440 1806 calamo
457 1732 564 1833 plara
584 1732 798 1827 contineas,
817 1756 901 1834 quar
927 1733 1058 1811 dillasd
1083 1737 1130 1812 ab

193 1849 200 1860 ’
313 1936 319 1944 ⁰
401 1835 624 1912 Auctoribus
641 1837 773 1912 tradita
793 1846 891 1914 sunt.

139 2106 265 2240 Narra
279 2174 312 2234 in
328 2170 401 2235 duas
414 2168 524 2234 aliendi
541 2167 684 2250 Epistulas
697 2176 808 2234 calamo
829 2183 978 2250 exaratas,
999 2175 1151 2253 inquibus

138 2260 337 2321 saluberrima
353 2277 387 2320 ae
407 2258 622 2338 pernecessaria
640 2260 774 2319 Ecclesiae
793 2257 949 2336 disciplina
966 2258 1042 2321 circa
1058 2259 1152 2325 libro·

138 2362 207 2405 rum
219 2342 456 2423 prohibitionem
472 2339 626 2421 perperam
637 2344 793 2420 impetitur
805 2385 813 2413 ‚
827 2346 857 2401 et
868 2340 980 2403 temere
993 2348 1148 2416 asseritur,

138 2429 255 2490 licitum
266 2447 346 2501 csse,
360 2429 495 2490 Ecclesiae
515 2430 579 2507 lege
599 2445 661 2489 non
678 2425 933 2498 obstante‚modd
950 2429 1071 2489 evidens
1090 2445 1150 2489 non

138 2521 278 2592 appareat
297 2512 463 2592 periculum
483 2511 700 2582 subversionis,
714 2510 806 2570 libros
827 2528 1029 2589 quoscumque
1054 2513 1150 2589 perle-

138 2616 219 2677 gere.
235 2597 432 2676 Epistularum
448 2598 591 2659 ductores
603 2595 650 2656 his
666 2595 780 2655 duabus
797 2594 877 2654 salsis
889 2594 1052 2655 fulciuntur
1062 2597 1152 2655 ratio·

139 2684 251 2744 nibus:
275 2683 389 2762 prima,
413 2683 483 2762 quia
502 2682 550 2741 lex
570 2676 779 2760 prohibitionis
799 2678 945 2738 librorum
964 2693 1025 2737 non
1049 2681 1151 2757 procul

137 2767 174 2828 ab
198 2766 280 2828 hisco
307 2767 490 2848 temporibus
514 2767 627 2831 inrecta
657 2774 703 2825 est
729 2764 761 2823 in
780 2761 959 2835 Ecclesiam,
983 2761 1033 2822 scd
1057 2763 1151 2841 prisca

137 2851 294 2929 disciplina
314 2870 374 2926 non
391 2849 613 2929 conrprobatur.
634 2847 788 2921 Secundi,
802 2847 870 2927 quia
895 2845 1020 2909 Ecclesia
1043 2846 1074 2907 in
1097 2845 1150 2908 bac

136 2952 172 2995 re
198 2953 254 2997 nec
281 2936 421 2997 eanonicb
441 2933 594 3015 procedit,
617 2952 671 2994 nee
689 2940 769 2993 recto
790 2931 866 3010 juris
888 2929 994 2991 ordina
1013 2940 1130 2997 servato

138 3027 168 3079 ct
181 3017 250 3080 idel)
271 3017 441 3096 hujusmodi
457 3018 505 3079 lex
522 3017 652 3097 obligare
669 3017 784 3094 nequit.
798 3017 921 3076 Miratus
933 3032 999 3076 sum
1013 3016 1133 3097 quidam

137 3118 230 3165 novas
253 3100 339 3164 hasce
359 3104 515 3182 opiniones
536 3110 597 3161 tana
619 3100 756 3180 perfricta
787 3101 884 3161 sronte
912 3098 949 3167 ab
974 3101 1148 3171 ductoribu,

137 3185 338 3264 Epistularum
357 3186 495 3260 obtrudi,
509 3182 578 3247 calm
596 3187 666 3246 satis
678 3194 863 3263 compertum
878 3185 936 3255 sit,
953 3184 1149 3265 disciplinam,

138 3269 198 3344 qud
216 3288 379 3349 pravorum
400 3268 547 3331 librorum
570 3267 727 3329 lectionem
744 3268 868 3330 Ecclesia
888 3267 1043 3349 probibet,
1059 3266 1151 3345 lapri-

138 3353 197 3412 mis
220 3372 315 3432 usque
335 3354 448 3417 sareulis
466 3371 584 3431 semper
606 3363 636 3413 ot
654 3350 888 3415 constantissimd
905 3351 1032 3430 viguisse
1053 3369 1061 3406 ε
1085 3346 1151 3436 uim

138 3438 230 3498 ctiam
249 3439 406 3500 Ecclesiam
420 3436 595 3498 catholicam
618 3435 650 3497 in
669 3435 839 3514 hujusmodi
860 3434 1006 3494 librarum
1024 3444 1151 3523 prosera-

139 3520 241 3594 ptiono
250 3532 385 3584 accurato
400 3539 517 3602 semper
528 3520 662 3582 examine
675 3566 684 3594 ,
696 3519 838 3598 rectoque
848 3516 953 3577 ardino
967 3527 1151 3592 processisse,

141 3610 172 3663 ct
198 3622 280 3669 nuuc
300 3624 419 3685 quoque
437 3603 608 3685 procedere.
628 3605 703 3666 lliuc
727 3616 878 3680 aggressus
893 3612 967 3660 sum
990 3611 1054 3657 rem
1075 3592 1153 3655 bana
