2642 4150
160 198 220 260 568
344 155 351 173 ⁷
549 191 776 257 1666611666.
870 279 919 292 ‚.

160 297 252 358 dubio
270 314 308 358 on
324 291 479 355 eonsilium
496 291 587 356 inerit
603 314 687 356 cansa
704 294 827 356 damni?
838 311 870 356 6.
886 295 953 358 569.
964 294 1044 370 Quid
1057 296 1081 357 si
1098 297 1166 376 quis

160 382 281 442 suadeat
295 380 436 441 damnum
451 397 488 439 ex
501 381 664 457 ignorantia
676 377 870 458 inculpabili?
883 399 922 440 m
931 382 1000 442 564.
1017 382 1064 441 Aa
1079 381 1167 443 liceat

160 463 348 524 oumdamno
359 464 479 525 alterius
496 465 580 543 sequi
599 464 768 542 opinionem
782 463 984 542 prohabilem?
998 462 1018 524 i.
1030 467 1058 523 1.
1070 468 1165 542 6.,49.

161 547 207 608 dn
226 549 276 608 iur
293 548 397 609 debeat
418 548 573 608 restituere
594 565 662 608 oum
683 566 871 626 quoniamque
892 566 946 609 suo
959 546 1121 610 damnati.
1134 550 1167 609 4.

160 647 194 690 6.
213 633 281 702 598.
299 634 343 694 Aa
362 649 429 693 oum
451 630 557 708 maJori
579 632 714 692 damno?
733 630 774 693 ib.
795 633 840 692 An
860 633 910 693 fur
928 641 1063 693 teneatur
1082 634 1171 693 resti·

161 722 245 775 tuero
264 716 361 776 omnio
382 716 510 775 damna?
529 734 562 776 6.
576 718 643 776 618.
659 715 747 777 Modo
764 716 824 776 sint
840 717 943 777 saltem
959 715 1077 777 6661666
1093 736 1171 795 proo-

161 798 234 858 visa.
254 818 288 859 6.
312 799 382 859 615.
405 801 448 857 06
469 816 504 860 eo
523 801 574 878 qui
596 800 726 859 incendit
749 800 871 860 domum
889 802 959 860 Titii
973 806 1079 878 putans
1095 798 1169 876 Coji.

162 878 228 941 tto
242 902 274 943 6.
288 885 357 944 699.
373 885 415 942 116
432 883 519 944 tituio
539 884 639 943 damni
660 885 837 962 emergentis
857 885 889 944 in
908 892 1024 943 mutuo.
1046 881 1068 943 l.
1086 881 1121 943 4.
1134 900 1168 943 6.

162 967 231 1027 768.
246 970 317 1042 Quae
331 978 429 1028 autom
444 968 634 1046 requirantur
648 968 683 1027 ad
701 968 877 1046 exigendum
891 969 1031 1029 interesse
1044 986 1080 1027 ex
1094 986 1170 1046 prae·

162 1050 222 1110 sato
241 1054 392 1113 11161676.
414 1053 483 1113 769.
504 1053 549 1111 An
561 1052 648 1111 liceat
667 1053 704 1111 ab
724 1053 810 1111 initio
828 1053 931 1131 pacisci
944 1051 983 1113 de
1004 1054 1055 1112 tali
1077 1052 1173 1112 inter·

163 1141 246 1195 esso?
260 1156 292 1197 6.
309 1139 376 1197 770.
402 1136 480 1210 Quid
503 1137 603 1195 ueniat
621 1137 741 1196 nomine
761 1136 938 1195 damnorum
958 1138 991 1196 in
1013 1136 1172 1197 societate?

164 1215 189 1302 Ιὅ
201 1222 232 1279 4.
247 1240 278 1281 6.
296 1223 364 1281 509.
380 1223 424 1281 An
444 1221 476 1281 in
495 1220 631 1280 societate
652 1220 795 1280 damnum
817 1221 904 1280 sortis
924 1228 1035 1298 spectat
1054 1236 1173 1298 semper

164 1304 201 1363 ad
218 1305 397 1365 dominum?
408 1324 440 1365 6.
453 1306 522 1365 967.
534 1323 564 1364 6.
579 1304 636 1378 Qu.
651 1305 714 1365 111.
730 1306 774 1363 De
785 1314 870 1381 pacto
883 1312 917 1364 ut
928 1305 1072 1365 damnum
1085 1304 1173 1364 sortis
1238 1352 1244 1365 .

164 1389 202 1449 sit
222 1388 523 1463 commutatatio.
541 1389 662 1449 1666
682 1388 720 1447 ad
744 1388 885 1448 damnum
911 1389 1067 1449 vitandum
1086 1389 1173 1448 iioeat

165 1474 290 1551 prodere
309 1483 423 1552 peecata
437 1474 578 1533 alterius?
590 1468 612 1531 1.
627 1473 657 1530 4.
672 1489 705 1531 6.
719 1472 788 1533 969.
803 1473 848 1531 An
860 1473 993 1533 revelare
1006 1474 1173 1533 secretum?

165 1576 197 1616 6.
210 1560 278 1619 971.
293 1578 322 1619 6.
336 1562 383 1619 An
402 1559 572 1638 untertana
591 1557 717 1616 tenearis
740 1557 777 1617 ad
795 1557 991 1630 damnum,si
1005 1575 1065 1617 666
1086 1557 1174 1616 resti·

164 1644 223 1704 tuis
245 1642 352 1702 samam
372 1643 448 1702 bona
464 1642 524 1700 fine
546 1641 695 1701 ablatam?
708 1659 738 1701 6.
754 1642 822 1701 994.
838 1642 885 1701 An
903 1640 1042 1700 domuum
1057 1638 1174 1718 integre

164 1727 380 1785 restituendum
404 1727 443 1786 sit
464 1727 488 1784 si
507 1725 704 1784 diffamaveris
723 1726 759 1786 de
778 1726 904 1785 orinrine
925 1721 1173 1785 6666716646

164 1817 273 1869 ottoent.
288 1811 333 1869 An
353 1819 507 1869 teneamur
523 1808 701 1868 denuntiare
722 1808 875 1869 haereticos
894 1826 960 1868 oum
973 1814 1072 1865 nostro
1085 1805 1171 1885 graui

165 1892 296 1954 damno?
310 1891 331 1953 l.
350 1896 378 1954 5.
394 1912 426 1953 a.
438 1895 507 1953 949.
522 1894 567 1952 An
581 1912 649 1951 oum
667 1893 774 1952 damno
793 1910 846 1951 suo
867 1893 913 1952 vei
928 1891 1018 1969 prolis
1036 1898 1176 1950 teneatur

165 1977 273 2055 conjux
282 1978 405 2038 reddero
425 1974 653 2038 (1661666766.
666 1995 698 2038 n.
711 1979 768 2037 950
781 1984 809 2038 et
821 1978 890 2038 951.
902 1979 945 2041 De
955 1975 1064 2035 damno
1079 1993 1174 2035 resar—
1233 2059 1236 2063 ἡ

167 2061 272 2123 ciendo
299 2064 396 2140 quoad
417 2079 563 2122 censuras.
578 2056 600 2120 l.
612 2062 642 2122 7.
656 2078 689 2123 6.
703 2064 753 2123 95.
895 2102 899 2111 ·

204 2146 344 2205 Dotarin.
364 2147 442 2220 Quid
461 2145 687 2223 exprimendum
711 2148 742 2207 in
760 2147 879 2226 petione
900 2144 1124 2226 dispensationis
1139 2141 1174 2202 in

165 2229 293 2289 Dataria.
309 2227 329 2288 i.
345 2232 374 2289 6.
387 2240 423 2290 tt.
441 2231 528 2289 1146.

198 2310 334 2373 Debitor.
357 2315 402 2373 An
423 2312 577 2373 satisfaciat
599 2314 716 2375 debitor
736 2313 848 2375 donans
873 2310 1032 2375 immemor
1051 2312 1174 2374 debiti?

139 2394 179 2456 si
201 2399 231 2457 4.
245 2414 277 2457 6.
290 2398 359 2458 700.
373 2415 402 2457 6.
421 2396 574 2476 Quartae
592 2400 639 2459 ΙΙ.
660 2401 707 2459 An
725 2399 842 2460 debitor
861 2408 999 2459 teneatur
1010 2398 1124 2458 solvere
1140 2397 1175 2456 in
1197 2442 1209 2447 -

165 2481 309 2557 solidum,
320 2484 343 2542 si
352 2491 509 2561 praesumat
520 2483 632 2543 socium
643 2486 803 2545 restituisse
811 2489 827 2543 i
835 2482 855 2544 l.
865 2487 894 2544 4.
906 2503 938 2544 6.
948 2485 1005 2543 579
1014 2502 1044 2542 6.
1057 2480 1174 2542 066166.

165 2566 210 2626 Ito
230 2566 363 2628 debitore
379 2575 504 2647 negante
525 2568 661 2628 debitum
682 2570 841 2647 aequivoco.
856 2568 877 2628 1.
893 2571 923 2628 4.
939 2565 1174 2628 616006616-

165 2650 262 2711 bitoro
280 2653 421 2713 existente
443 2653 475 2712 in
497 2654 677 2712 necessitate.
691 2671 723 2712 6.
737 2655 805 2713 701.
820 2655 889 2713 709.
906 2660 935 2712 et
950 2653 1018 2712 705.
1068 2692 1071 2699 1

203 2736 352 2798 Debitum.
367 2739 413 2798 An
431 2738 528 2797 debita
547 2748 625 2798 neria
637 2740 817 2801 restituenda
836 2737 918 2818 prins
937 2736 1025 2815 quam
1040 2732 1177 2797 incerta?

166 2821 188 2882 l.
206 2824 236 2882 4.
252 2841 284 2882 6.
300 2824 368 2883 687.
384 2823 430 2881 dn
449 2822 532 2900 prids
549 2823 647 2884 debita
661 2844 696 2884 ex
716 2824 823 2893 delicto
841 2822 931 2901 qnam
948 2841 984 2882 ex
1000 2826 1177 2882 contractu?

165 2925 199 2967 6.
218 2908 286 2966 688.
300 2907 346 2965 do
365 2903 447 2982 prids
464 2905 562 2965 debita
583 2922 619 2968 ex
640 2910 727 2969 titulo
749 2913 936 2992 onoposoio.
952 2903 1178 2970 6891166616-

165 2990 235 3049 bitis
262 2998 384 3068 gravato
409 2989 494 3050 lineat
520 2993 651 3070 accipere
671 2994 805 3054 donum?
827 3010 911 3052 6666.
938 2993 1009 3052 799.
1035 2991 1082 3049 An
1101 3006 1181 3050 uxor

165 3081 299 3133 teneatur
317 3074 430 3134 solvere
449 3074 548 3134 debita
570 3075 587 3135 a
609 3078 675 3137 uiro
696 3081 871 3138 eontracta?
890 3073 914 3137 l.
940 3077 971 3134 4.
991 3092 1077 3134 6666.
1105 3075 1176 3134 ott.

166 3161 210 3218 dn
235 3159 392 3218 immemor
415 3157 507 3218 debiti
534 3159 689 3220 satisfaciat
713 3161 849 3222 donando
864 3165 885 3219 7
902 3157 923 3219 i.
947 3162 977 3219 4.
994 3176 1080 3218 nura.
1105 3158 1176 3218 700.

165 3261 196 3302 v.
227 3242 287 3317 Qu.
316 3245 360 3303 11.
387 3244 516 3321 Tenrpus
547 3245 722 3321 requisitum
755 3244 793 3303 ad
823 3245 922 3304 debita
950 3241 1176 3321 praescribenda.

166 3323 189 3386 l.
211 3329 242 3387 4.
266 3327 497 3386 6666507116
521 3323 628 3386 debitis
663 3330 774 3406 gravati
798 3329 911 3407 possint
929 3326 994 3386 fieri
1015 3324 1181 3402 Religiosi?

166 3417 188 3477 1.
211 3414 242 3472 5.
261 3430 345 3472 6666.
368 3414 417 3471 71.
440 3411 518 3484 Quid
539 3413 564 3471 si
588 3411 650 3489 jam
671 3414 730 3473 sint
752 3413 871 3491 professi
889 3418 903 3472 i
929 3410 969 3472 ib.
990 3429 1020 3471 6.
1040 3409 1076 3471 Si
1097 3413 1178 3471 nord.

166 3495 305 3555 Debitum
336 3496 488 3574 conjugale
512 3497 629 3575 qnando
657 3497 696 3555 sit
719 3498 862 3557 licitum?
884 3494 906 3557 1.
928 3498 957 3557 6.
990 3511 1076 3555 666.
1106 3495 1178 3554 900.

167 3579 290 3650 Quando
315 3581 353 3640 sit
370 3581 702 3658 666666166676958.
718 3582 842 3661 Propter
858 3598 931 3660 quos
943 3579 1018 3643 finos
1030 3577 1179 3666 sitiioitus
