2642 4150
382 181 428 242 De
438 178 613 265 priuilepiis.
631 182 728 265 Captet
743 179 805 245 m.
1063 192 1119 251 tob

109 305 169 352 esse
189 285 278 349 debet
290 279 413 346 oilerius
432 282 546 344 ordinis
560 328 572 364 „
584 284 631 344 vel
649 282 825 364 saecularis),
840 294 870 349 ot
881 284 938 348 hoe
950 307 1010 349 non
1024 288 1119 350 soliam

108 376 140 435 iu
153 381 268 443 morte,
282 368 335 429 sed
348 367 437 428 etiarn
450 367 482 429 in
498 369 558 428 vita
572 368 696 447 slngulis
706 371 803 432 aunis.
820 369 892 433 Vide
904 368 957 434 lib.
966 374 995 432 ll.
1006 390 1038 432 n.
1051 375 1118 433 576.

146 459 195 517 68.
210 488 250 502 -
264 454 349 514 Xlll.
368 453 470 512 Plures
491 453 557 512 DD.
578 461 738 528 asserunt,
757 452 905 535 utdnpel.
927 453 1051 536 Sylvcst.
1065 459 1121 516 Ae-

108 538 212 611 millo,
239 535 387 612 Tabiana,
410 533 522 617 aliique
531 556 598 599 eunt
612 539 702 599 crois
721 539 784 618 (qui
805 540 863 598 illis
882 537 1023 617 adbaerct)
1037 555 1122 614 posse

110 625 286 702 Episcopum
305 639 342 681 ex
354 619 434 698 justa
456 638 541 680 csusa
552 630 736 683 commutare
756 623 818 700 pias
831 630 1004 683 testatorum
1022 621 1122 700 dispo·

109 708 250 778 sitiones,
267 707 308 765 ‘ex
328 722 384 776 oo,
399 704 469 781 quia
488 705 543 781 ipsi
574 699 684 766 habent
696 705 883 785 dispensandi
898 713 1070 785 potestatem
1089 706 1121 765 in

111 792 175 870 le'ge
199 809 267 869 quas
287 788 375 865 jubet
396 788 515 866 impleri
543 790 663 850 ultimas
689 792 879 862 voluntates,
909 792 1023 870 quoties
1046 788 1122 850 adsit

107 875 187 952 juste
207 891 293 935 causa
308 894 318 948 3
335 871 425 949 idque
443 871 622 932 confirmant
649 891 686 934 ex
709 874 844 934 Trident.
867 889 938 935 sesa.
963 875 1013 934 22.
1038 893 1064 933 e.
1089 875 1119 933 b.

110 958 167 1019 Sed
185 975 242 1021 nos
269 973 409 1035 negamus
433 972 501 1015 cum
522 958 667 1016 sententia
696 958 889 1036 probabiliori
913 953 988 1018 Mol.
1014 958 1119 1037 Lepta.

114 1039 322 1111 subelecta,
339 1041 404 1116 quia
424 1040 457 1099 in
480 1056 506 1098 e.
528 1042 592 1098 Tuo
602 1084 611 1114 ,
627 1041 662 1100 de
681 1049 795 1101 testona.
812 1051 842 1101 st
857 1043 890 1101 in
906 1059 931 1101 e.
946 1043 976 1101 8.
994 1040 1122 1121 ejusdem

78 1113 82 1137 '
112 1143 186 1189 ease.
209 1126 258 1185 22.
278 1123 294 1183 d
312 1122 433 1183 concilio
455 1122 600 1198 jubentur
623 1125 758 1203 Episcopi
783 1124 986 1186 adamussim
1013 1125 1119 1202 exequi

115 1211 234 1274 ultimas
250 1209 427 1267 voluntates
446 1208 548 1285 Neque
567 1207 665 1268 obstat
688 1208 768 1285 quod
789 1217 965 1286 opponunt,
989 1217 1021 1269 et
1041 1207 1122 1287 quod

113 1294 223 1371 legitur
241 1293 276 1353 in
299 1292 402 1352 eodem
421 1309 484 1369 cap.
500 1292 536 1363 8,
552 1291 621 1369 quta
643 1290 686 1351 ibi
704 1292 909 1353 tantummodi>
927 1295 1123 1354 committitur

113 1377 284 1457 Episcopis,
299 1386 333 1435 ut
347 1376 515 1436 examinent
529 1392 652 1447 causas,
670 1374 773 1435 utrum
791 1394 869 1435 verm
889 1377 968 1446 sint,
989 1395 1043 1436 nec
1063 1395 1121 1451 ne,

114 1461 236 1538 quando
256 1461 366 1521 ultimae
393 1458 589 1521 voluntatesia
608 1457 684 1518 Sede
707 1460 866 1536 apostolica
888 1460 1122 1522 committantur.

114 1543 215 1607 Tantd
230 1544 345 1622 magis,
372 1545 441 1624 quia
469 1546 501 1604 in
529 1545 674 1605 clement.
699 1542 778 1618 Quia
797 1540 962 1624 coutlnpit,
982 1539 1018 1603 de
1039 1540 1122 1623 reliq.

114 1628 193 1691 dont.
216 1629 336 1702 dieitur,
354 1630 431 1690 bona
454 1631 487 1689 in
509 1630 639 1706 aliquem
654 1645 740 1687 usum
758 1628 946 1706 applicanda,
964 1646 1025 1687 non
1039 1644 1125 1708 posse

113 1716 144 1790 ip
163 1715 239 1776 alios
257 1715 312 1775 nisi
331 1712 348 1774 ia
367 1714 442 1774 Sede
454 1715 613 1792 apostolice
636 1713 789 1792 applicari.
808 1711 953 1774 Coeterdm
980 1722 1023 1774 cst
1040 1713 1125 1773 valde

113 1801 268 1877 probabile
301 1800 381 1878 quod
409 1798 513 1860 dieunt
537 1802 645 1879 Lepet.
671 1800 785 1858 Bonae.
811 1796 905 1859 Solet.
936 1798 1126 1859 destinebat

118 1879 219 1946 mett..
236 1880 340 1962 quod,
367 1882 429 1943 sive
455 1886 644 1961 superveniat
670 1883 765 1960 aliqua
787 1899 892 1955 consa,
918 1885 980 1942 sive
1004 1891 1125 1942 testator

113 1969 294 2049 ignoraverit
307 1968 438 2047 aliquam
457 1986 571 2029 causam
582 2012 591 2042 ,
603 1986 692 2047 quam
711 1969 735 2027 si
747 1970 951 2047 cognovisset,
967 1967 1054 2026 aliter
1078 1964 1126 2025 di-

111 2059 297 2137 sposuisset,
314 2065 387 2118 tunc
405 2057 564 2136 Episcopus
576 2065 671 2135 potest
685 2074 759 2136 opus
779 2063 961 2116 commutare
971 2096 980 2135 ‚
997 2051 1048 2112 scd
1067 2050 1126 2112 und

111 2162 180 2203 cum
199 2142 337 2218 haerede,
350 2143 503 2220 quamvis,
517 2144 541 2203 si
554 2141 645 2203 lateres
660 2139 862 2212 contradicat,
879 2146 1010 2199 asserant
1026 2137 1126 2216 plures

110 2228 176 2287 ut).
206 2244 293 2306 posse
315 2227 354 2287 ·id
384 2227 479 2287 lacere
507 2229 684 2306 Episcopum
699 2226 765 2287 >illo
791 2224 1020 2290 contrudletule.
1054 2219 1126 2286 Vide

108 2307 203 2390 ptura
222 2309 259 2371 ua
274 2309 327 2370 toa
348 2308 400 2372 tte.
422 2314 450 2370 t.
469 2330 502 2371 a.
525 2295 594 2371 adt.
611 2311 712 2384 esaar.
727 2314 757 2371 a.

149 2397 202 2457 ott.
221 2427 255 2437 -
268 2396 349 2454 xlv.
361 2397 470 2457 Dicunt
488 2398 608 2474 insuper
625 2398 690 2454 bu.
713 2405 746 2456 ut
762 2397 859 2468 Vivo,
880 2395 1003 2471 Diana,
1027 2392 1124 2456 Trull.

110 2477 256 2554 Buacmb.
280 2474 411 2557 aliique,
436 2498 521 2558 posse
549 2481 586 2539 eb
614 2479 756 2556 Episcopo
792 2482 857 2540 lieri
881 2480 1126 2555 compositionem

109 2565 297 2629 incertarum
321 2564 542 2641 restitutionum
574 2563 704 2642 (illarum
733 2564 863 2633 scilicet,
886 2580 1013 2639 quarum
1031 2561 1127 2619 domi·

109 2666 171 2709 uus
192 2655 239 2707 est
257 2646 398 2726 incertus)
414 2667 481 2726 quas
506 2645 685 2727 pauperibus
700 2656 770 2705 sunt
789 2646 965 2723 erogendae3
987 2642 1126 2722 quonium

109 2733 157 2811 lut
184 2732 242 2809 ipsi
265 2730 379 2809 dicunt)
402 2731 577 2810 hujusmodi
597 2732 772 2810 compositio
799 2733 881 2792 nulld
907 2732 971 2810 lege
993 2727 1127 2790 Pontifici

106 2822 309 2889 reservatur,
329 2814 346 2877 d
363 2817 464 2878 contra
478 2819 540 2896 ipsa
562 2824 607 2877 ast
616 2815 699 2892 juxta
720 2812 934 2895 praesumptam
947 2815 1126 2876 creditorum

107 2899 312 2960 voluntatem.
339 2901 396 2961 Sed
428 2902 523 2980 magis
556 2901 772 2962 rationabiliter
797 2902 999 2972 contradicunt
1021 2902 1125 2981 Eupo,

103 2982 459 3058 murmuratorem,
482 2984 639 3059 Corduba,
658 2984 791 3068 aliique,
818 2987 892 3064 quia·
907 2989 1011 3048 talium
1034 2985 1127 3050 bono·

105 3086 184 3128 rum
207 3068 424 3130 administratio
437 3072 568 3149 pertinet
588 3071 795 3138 tantummodo
813 3072 850 3130 ad
872 3073 1063 3146 Pontificem,
1078 3074 1125 3133 vel

102 3152 144 3213 ad
170 3152 351 3231 principem.
376 3152 448 3216 Vide
462 3153 514 3216 lib.
531 3157 561 3216 b.
575 3174 608 3215 tt.
632 3156 700 3214 tat.
712 3173 742 3215 v.
759 3155 892 3216 Notond.
910 3160 945 3218 Et
960 3176 993 3218 re
1006 3158 1125 3235 quidem

103 3235 186 3296 versi
212 3235 322 3295 Pontii.
337 3236 450 3298 Benad.
466 3240 556 3299 XIV.
581 3239 613 3297 iu
634 3237 715 3298 bulla
734 3241 845 3300 Pastor
864 3238 955 3301 bonus
971 3243 1019 3319 (25
1031 3240 1125 3316 April.

104 3316 221 3395 lm.)
236 3308 407 3396 hujusmodi
418 3323 625 3383 ieeultatemS.
639 3323 796 3383 Poenitent.
811 3326 960 3384 concessit.
975 3321 1046 3386 Vide
1059 3318 1081 3377 l.
1096 3321 1126 3376 7.

101 3422 205 3466 nune.
217 3404 286 3464 tto.
300 3404 341 3466 od
357 3409 400 3467 X.

147 3489 334 3549 70.-xv.
351 3491 507 3551 Allirmant
525 3507 643 3569 queque
669 3493 714 3551 Le
740 3490 830 3550 Croioe
841 3533 851 3563 ,
870 3493 955 3550 Teate.
975 3483 1128 3556 sweep..

100 3588 205 3655 posse
227 3570 266 3630 ab
288 3573 430 3654 Episcopo
464 3573 563 3635 mistui
587 3591 746 3636 numerum
771 3573 926 3633 missarum
937 3567 976 3712 175
992 3569 1130 3622 testatore

156 3659 249 3717 Tem.
263 3658 305 3722 Χ.
430 3671 433 3676 ·
960 3677 962 3680 ·
