2642 4150
187 192 246 252 aas
400 145 404 158 ’
534 267 540 277 ¹
611 181 766 264 11111111
838 271 842 278 ¹

190 297 220 348 11
242 290 411 350 insanarum
438 284 597 347 mulierum
615 285 729 343 somnia
751 289 785 340 ut
802 277 970 359 prophetias
988 278 1103 342 habuit.
1123 285 1194 344 tton

190 373 412 449 igitur,inquit
427 368 550 440 Estiua,
567 368 604 428 de
626 366 764 426 omnibus
781 363 922 424 doctrinis
935 364 1026 423 verba
1051 366 1194 428 illedixit

189 453 360 531 Apostolus,
380 453 430 514 sed
444 450 558 513 tannim
571 451 609 510 de
623 451 681 519 jis,
696 465 762 526 quae
776 446 814 507 da
832 464 909 506 novo
928 447 1152 525 proferebantur
1174 449 1193 510 a

190 538 350 610 tratribus,
371 547 402 600 et
423 536 557 598 nondum
583 534 715 613 probatae
730 538 836 607 erant3
854 529 916 590 bna
934 530 1015 591 enim
1034 531 1193 610 dijudicari

191 622 364 697 oportebat,
384 618 546 681 seeundum
571 618 626 690 id,
644 615 723 694 quod
744 616 823 676 idem
844 610 962 675 Paulus
978 617 1119 694 pracepit
1135 620 1193 678 Co·

189 702 308 763 rintbiis
322 706 452 764 scribens
465 724 473 759 a
486 700 640 782 Prophetae
653 696 1194 780 (111111111111111111,111111νί1131·

189 782 293 845 dicent.
305 790 334 846 1.
350 790 416 847 Cor.
430 787 477 845 ll.
491 788 530 845 Ea
541 784 631 851 verb,
654 800 720 859 quae
741 783 777 842 ab
791 782 854 859 ipsa
868 826 876 852 ,
889 790 940 840 aut
951 782 988 841 ab
1007 784 1071 843 aliis
1084 784 1192 848 tradita

190 877 275 928 erant
291 859 436 947 Apostolis
450 913 458 938 ,
473 886 534 927 non
551 866 706 944 dijudicari
718 865 801 935 vult,
814 863 865 924 sed
879 866 972 924 teneri
985 884 995 939 3
1011 873 1045 925 ut
1061 868 1135 936 1111.
1150 865 1193 926 ad

194 948 325 1012 Tlteseol.
335 971 359 1012 c.
378 956 409 1014 2.
423 952 519 1028 inquit
535 972 543 1010 a
560 953 661 1010 Tenete
677 945 869 1020 traditiones,
894 964 968 1023 quas
979 945 1132 1010 dianeos.
1152 951 1191 1008 Et

190 1034 221 1093 1.
237 1036 303 1095 Car.
317 1037 365 1095 11.
382 1034 563 1102 Laudaaaa,
579 1028 694 1111 qrtdd...
713 1029 791 1091 sieut
803 1027 916 1089 tradidi
930 1028 1011 1090 calis
1019 1074 1029 1105 ,
1046 1039 1191 1111 prorupta
1240 1069 1246 1086 .

189 1133 256 1177 rnen
263 1118 374 1179 tenetis
384 1121 526 1178 Praeterea
533 1116 604 1176 dicit
616 1110 737 1175 Natalia
744 1110 932 1174 Alexander:
943 1114 1067 1191 probare
1079 1114 1191 1176 doctri·

192 1218 243 1261 nas
263 1202 430 1272 librorum,
453 1219 514 1260 non
530 1199 689 1275 uniruique
710 1196 897 1259 commissam
923 1206 984 1273 est,
1003 1197 1054 1258 sed
1072 1197 1192 1260 tantum

190 1284 357 1363 Episcopia,
378 1303 454 1363 quoa
469 1283 594 1360 Spiritus
620 1283 743 1341 Sanetus
756 1279 888 1340 Ecclesia
914 1280 965 1339 Dei
990 1281 1140 1356 praetecta,
1160 1294 1192 1341 et

190 1366 319 1428 maxime
336 1385 463 1428 summo
489 1365 624 1426 Pontifici
648 1362 756 1423 Christi
775 1364 914 1437 Vieario,
937 1380 970 1421 ae
982 1365 1069 1423 totius
1091 1368 1192 1443 gregis

191 1448 299 1511 Christi
315 1470 452 1531 supremo
475 1449 601 1510 Pastori.
625 1448 711 1508 Prari
732 1456 830 1507 autem
849 1447 918 1508 libri
935 1464 994 1506 non
1013 1448 1194 1511 damnantur

190 1532 227 1591 ab
240 1535 364 1596 Ecclesia
377 1536 432 1595 nisi
445 1543 511 1613 post
522 1534 648 1611 diligens
660 1548 802 1606 examen3
816 1530 1033 1607 nullumjgitur
1044 1530 1193 1607 judicium

192 1616 272 1676 aliud
287 1618 324 1677 de
341 1618 399 1677 illia
421 1617 560 1695 operibus
575 1615 822 1695 exspectandum,
844 1612 983 1692 quaejam
999 1616 1123 1680 Ecclesia
1135 1618 1193 1678 im·

190 1700 340 1777 probanda
356 1700 509 1775 judicarit.

230 1784 282 1843 Vl.
300 1784 384 1855 Quod
405 1781 475 1843 verb
493 1781 530 1842 ad
551 1782 585 1844 8.
603 1782 822 1861 Hieronymum
839 1781 965 1853 attinet,
985 1790 1099 1845 certum
1123 1794 1190 1857 eat,

191 1866 271 1946 quod
303 1867 425 1945 ipsemet
453 1875 568 1925 sanetus
600 1867 710 1925 Ductor
731 1865 886 1925 lectionem
911 1882 1068 1941 pravorum
1097 1868 1192 1930 libro·

190 1968 260 2012 rum
292 1955 458 2010 constanter
487 1949 710 2027 reprobaverit3
737 1949 769 2008 in
803 1948 930 2025 quadam
959 1948 1038 2007 enim
1063 1951 1190 2028 Epistola

190 2035 253 2114 ipse
278 2034 424 2112 scripsit:
447 2035 608 2093 Doctorum
631 2030 785 2094 leontinum
810 2039 951 2094 tractatus
981 2028 1063 2111 leye,
1090 2052 1192 2099 eorum

190 2120 375 2189 dumtaxat,
410 2134 537 2195 quorum
561 2116 634 2196 fides
663 2125 735 2176 nota
769 2124 814 2178 eat
826 2140 839 2194 ,·
864 2134 926 2181 non
966 2133 1075 2178 necesse
1103 2118 1192 2183 tutes

190 2220 299 2261 aurum
318 2201 352 2261 in
380 2197 441 2260 luto
468 2217 609 2279 querere.
629 2201 729 2280 Epist.
752 2202 800 2261 10.
828 2198 869 2261 ad
889 2199 1026 2261 Furiam.
1050 2203 1191 2280 flauaque

190 2285 347 2361 Epistulam
362 2284 596 2344 animadvertens
615 2283 778 2345 Marianus
799 2283 919 2355 Victor,
944 2285 985 2345 sic
1008 2289 1189 2348 annotavita

193 2366 302 2447 ilbiyue
318 2366 520 2427 sanctissimus
539 2371 588 2428 air
602 2365 731 2429 inculcat
739 2413 749 2444 ,
764 2377 800 2428 ut
817 2366 855 2429 ab
876 2366 1094 2444 ltaeretieorum,
1118 2390 1194 2452 apa·

189 2450 362 2533 erypltisque
398 2448 598 2514 uoluminibus
630 2450 867 2529 abstineamus,
896 2459 926 2511 et
961 2452 1110 2533 improbat
1140 2474 1194 2515 ra÷

192 2538 325 2612 tionem,
361 2539 422 2614 prro
449 2535 645 2615 praetenditur
676 2554 786 2597 aarum
814 2554 851 2596 aaa
882 2531 944 2595 luto
977 2538 1081 2615 quari.
1112 2541 1195 2599 Prae-

191 2630 268 2679 terea
282 2620 311 2679 S.
326 2619 450 2680 Hieran.
466 2621 590 2679 summis
601 2620 759 2680 celebravit
775 2619 911 2680 laudibus
923 2621 1043 2679 Decreta
1051 2621 1192 2698 Euscbii,

190 2712 221 2762 11
240 2702 381 2782 Dionysii
400 2704 611 2776 Alexandrini,
631 2705 740 2780 quibus
764 2702 926 2764 electione
956 2703 1102 2765 librorum
1122 2707 1194 2766 Ori-

188 2785 271 2868 yenis
295 2787 395 2846 fideles
413 2787 598 2848 arcebantur.
618 2788 763 2848 Proetcrea
787 2788 850 2865 ipse
870 2786 1069 2865 Hieronymus
1084 2799 1194 2851 ,auctor

190 2873 270 2945 init,
295 2881 329 2931 ut
356 2873 446 2931 iidem
475 2872 610 2952 Oriyenrs
642 2873 712 2933 libri
742 2872 995 2950 proscriberentur
1024 2872 1042 2933 it
1070 2875 1194 2937 Venerio

190 2955 331 3032 Episcopo
359 2956 591 3030 Mediolanensi,
625 2965 656 3015 11
682 2955 700 3015 a
723 2957 864 3019 Pantilree
885 2955 1075 3028 Arenatau'o,
1106 2957 1193 3033 cujtts

190 3037 296 3097 deinde
318 3036 470 3097 decretum
495 3040 626 3115 undique
655 3040 780 3116 ipsemet
801 3039 983 3118 propagavit.
1004 3042 1037 3100 S.
1064 3039 1192 3103 Hieron.

189 3122 249 3198 Ep.
280 3120 329 3181 78.
358 3119 398 3181 ad
425 3121 601 3182 Panemoelt.
634 3124 761 3201 ipsemet
793 3131 934 3200 praterea
970 3122 1069 3183 laudat
1098 3125 1194 3184 Pam-

101 3200 103 3205 ’
188 3201 362 3276 nraebium,
388 3205 439 3280 qui
474 3203 541 3265 edm
571 3206 688 3285 legisset
714 3208 848 3287 On'yenr'a
872 3205 1045 3284 principia,
1072 3206 1194 3268 Exier-

189 3286 271 3360 ruit,
295 3294 322 3347 et
347 3286 465 3348 reclusit
493 3289 622 3361 serinia,
650 3311 687 3351 ne
710 3288 823 3371 prelati
844 3290 877 3350 in
900 3286 1006 3369 oulyue
1028 3288 1195 3354 multonem

189 3370 304 3433 animos
321 3370 519 3433 vulnerarent.
534 3374 616 3435 Idem
629 3378 689 3456 Ep.
702 3377 750 3434 119.
762 3372 803 3434 ad
812 3373 944 3434 Auitum.
958 3374 1090 3437 Tandem
1101 3384 1194 3436 testa·

187 3464 254 3527 tur,
266 3475 297 3516 se
315 3458 464 3535 exemplar
479 3456 612 3539 Oriyertis
624 3461 696 3518 olim
708 3459 724 3518 1
735 3475 766 3518 se
780 3459 951 3518 translatum
960 3459 1034 3518 nulli
1046 3476 1193 3536 umquam

188 3540 367 3617 praebuisse,
384 3559 421 3603 ea
442 3560 501 3619 quo
519 3552 601 3605 notat
622 3545 843 3606 coronarentur
866 3562 876 3601 a
898 3539 1034 3604 Artdiaut
1053 3540 1117 3603 liae
1138 3538 1213 3619 qat'
