2642 4150
411 188 488 247 Pora
504 185 640 247 secundo.
654 188 752 268 Captet
764 190 811 250 11.
1075 193 1110 252 tt

122 311 133 338 ι
153 287 225 346 facto
246 286 389 347 incurrat.
409 287 594 347 Declarantcs
616 289 725 363 etiam,
747 299 777 348 et
797 288 1009 366 decernentes,
1034 289 1115 368 qudd

121 399 133 425 ιι
155 390 205 432 nec
221 373 310 432 etiam
326 374 356 431 in
375 373 436 431 vim
458 371 668 450 cujuscumque
687 372 819 450 jubilei,
837 376 988 434 autetiam
1007 375 1112 442 bullm,

121 481 133 509 ιι
154 476 216 533 quac
238 457 403 534 appellator
425 457 565 516 Crociatre
591 466 718 527 sanetae,
741 467 792 516 aut
815 458 937 517 alterius
958 457 1115 534 cujuslibet

120 550 132 592 ἰι
154 540 258 599 lndulti
271 583 279 612 ,
293 540 503 599 confessionem
519 538 590 599 dicti
609 541 760 618 complicis
773 540 942 618 hujusmodi
957 542 1114 618 quisquam

120 650 131 676 ι
153 626 242 684 valcat
263 625 413 701 excipere,
437 625 524 701 eiquo
546 625 784 684 sacramentalem
807 625 1021 686 absolutionem
1043 627 1114 686 elar-

120 733 131 759 ιι
153 710 225 785 giri3
245 707 369 768 eumad
390 706 469 767 huno
489 706 645 778 effectum,
663 716 694 767 et
714 709 745 767 in
766 707 822 785 boc
842 727 908 768 casu
928 711 1028 769 nullus
1048 727 1113 770 con·

118 819 130 845 ιι
151 795 297 861 fossarius,
319 800 423 869 utpote
439 793 490 868 qui
509 791 540 850 in
563 791 731 868 hujusmodi
747 793 854 870 peccati
869 835 877 864 ‚
893 802 924 852 et
941 793 1113 871 penitentis

119 901 130 927 ι
151 894 267 954 genere,
277 875 503 953 jurisdictIonc,
525 887 558 934 ut
576 874 750 953 praefertur,
764 885 879 947 careat,
894 887 925 936 ot
943 877 1111 938 absolvendi

118 976 136 1011 ι·
151 962 279 1020 facultate
298 958 315 1018 a
336 960 422 1019 nobis
445 960 576 1036 privatus
600 961 725 1029 existat,
746 958 898 1019 habendus
917 961 956 1019 sit
975 978 1029 1037 pro
1042 978 1111 1020 con·

118 1066 129 1094 ι
151 1044 264 1102 fossario
282 1043 433 1119 legitimo,
454 1052 484 1100 et
503 1043 675 1119 approbato.
689 1046 754 1103 Non
772 1044 953 1103 obstantibus
977 1046 1113 1103 constitu·

117 1150 130 1177 ιι
153 1125 294 1196 tionibus,
317 1134 348 1185 et
371 1124 607 1184 ordinationibus
629 1127 813 1204 apostolicis,
837 1127 1022 1204 praesertim,
1046 1145 1111 1203 quse

118 1232 130 1260 ι
152 1219 353 1286 nuncupantur
366 1210 508 1268 cruciatae
530 1220 657 1279 sanctae,
680 1211 726 1269 rel
737 1210 850 1286 jubilei
872 1211 1064 1281 universalis,
1081 1218 1112 1269 ct

118 1316 131 1343 ιι
152 1293 290 1370 plenarii,
314 1310 368 1352 nec
393 1309 453 1350 non
476 1293 627 1370 quibusvis
640 1295 849 1363 Ecclesiarum,
869 1298 900 1351 et
919 1293 1111 1353 monasterio·

118 1402 129 1427 ιι
152 1394 238 1446 rum,
260 1383 290 1435 et
313 1376 451 1435 ordinum
475 1377 698 1454 quorumlibet,
723 1394 852 1453 quorum
872 1377 927 1452 ipsi
949 1377 1111 1438 sacerdotes

119 1483 131 1510 a
153 1459 283 1529 fuerint,
302 1461 388 1518 otiam
405 1460 593 1537 juramento,
618 1459 842 1518 confirmatione
862 1459 1039 1536 apostolici,
1063 1459 1110 1517 vel

120 1567 133 1594 ιι
156 1542 252 1618 quivis
263 1543 400 1602 firmitate
410 1545 468 1604 alid
480 1544 627 1604 roboratis
641 1544 776 1612 statutis,
790 1551 820 1602 et
833 1541 1109 1616 consuetudinibus,

118 1648 131 1677 a
152 1626 306 1705 privilegiis
335 1644 471 1704 quoquc,
498 1628 645 1700 ludultis‚
671 1635 701 1685 et
726 1627 843 1686 Litteris
869 1627 1033 1703 apostolicis
1055 1625 1110 1685 sub

116 1733 128 1761 ιι
151 1710 379 1787 quibuscumque
402 1711 577 1779 tenoribus,
605 1719 635 1769 et
660 1710 783 1786 formis,
812 1728 845 1770 ac
868 1728 935 1769 eum
958 1709 1109 1787 quibusvis

117 1819 128 1846 ι
149 1796 298 1867 clausulis,
312 1805 342 1855 et
361 1795 502 1867 decretis,
517 1797 605 1855 etiam
625 1806 707 1856 motu
727 1798 848 1874 proprio
860 1840 869 1868 ‚
882 1806 933 1857 aut
946 1795 1015 1856 aliis
1034 1812 1108 1873 quo-

115 1901 128 1930 ιι
149 1879 305 1939 modulibet
327 1881 487 1949 concessis,
503 1882 593 1938 etiam
613 1881 726 1940 iteratis
746 1882 860 1940 vicibus
880 1881 1064 1957 approbatis,
1078 1889 1108 1939 et

114 1986 127 2014 ιι
150 1964 312 2034 innovatis,
337 1964 444 2041 quibus
465 1962 623 2036 omnibus,
650 1982 755 2024 eorum
778 1974 893 2024 tenores
916 1964 1108 2040 presentibus

114 2073 126 2099 ι
148 2066 196 2128 pro
215 2050 360 2128 expressis
379 2047 518 2109 habentes
541 2047 594 2109 lrdc
616 2051 680 2109 vice
699 2049 849 2109 dumtaxat
871 2048 1053 2126 specialiter,
1077 2055 1108 2108 et

114 2154 126 2182 ιι
147 2134 274 2211 expressis
286 2135 461 2209 derogamus
467 2178 478 2209 ,
490 2136 660 2210 caeterisque
671 2135 824 2193 contrariis
834 2133 1078 2210 quibuscumque.
1088 2155 1102 2184 a

145 2219 284 2278 Volumus
303 2215 423 2276 domum
433 2260 441 2286 ,
453 2234 486 2275 ac
498 2218 703 2300 praecipimus,
717 2228 751 2277 ut
767 2234 868 2276 omnes
882 2217 1012 2277 locorum
1025 2215 1107 2275 Ordi-

114 2304 195 2376 narii,
206 2312 265 2362 tam
279 2308 439 2379 praesentes
450 2344 459 2372 ,
472 2301 560 2378 quim
574 2303 665 2362 futuri
680 2321 733 2379 pro
746 2312 877 2380 tempore
890 2302 1062 2371 existentes,
1074 2302 1105 2360 in

112 2388 312 2462 approbatione
329 2385 589 2461 confessariorum,
603 2395 663 2444 tam
678 2388 846 2462 praedictam
865 2385 1105 2446 constitutionem

114 2469 235 2550 Greqorir'
245 2469 469 2548 praedecessoris
479 2472 570 2530 nostri
583 2514 591 2541 ,
602 2469 689 2546 quam
701 2480 874 2547 praesentem
887 2469 963 2528 banc
974 2480 1105 2529 nostram

112 2550 145 2609 ab
163 2556 302 2613 onrnibus
319 2552 518 2612 sacerdotibus
533 2553 730 2631 approbandis
752 2551 861 2611 attente
883 2552 957 2627 legi,
973 2562 1003 2610 et
1021 2569 1106 2609 occu·

111 2636 166 2695 rato
186 2637 345 2698 observari·
362 2646 485 2706 calcent,
510 2645 709 2710 moneantque
724 2653 772 2694 eos
797 2635 828 2692 iu
847 2635 995 2701 Doctrina,
1018 2644 1106 2709 atque

111 2716 279 2787 hortentur,
298 2730 332 2779 ut
349 2737 463 2779 sacrum
478 2720 678 2780 ministerium
692 2719 822 2795 ipsorum
836 2716 904 2775 fidei
919 2716 1105 2775 commissum

110 2805 214 2863 summai
230 2804 324 2863 animi
345 2804 532 2873 innocentia,
555 2820 673 2862 morum
699 2802 845 2879 puritate,
864 2798 967 2874 judicii
984 2800 1106 2877 integri·

110 2890 162 2944 tute
172 2896 332 2965 peragant,
343 2884 558 2964 exhibeantque
570 2887 740 2963 semctipsos
748 2930 757 2960 ,
771 2892 805 2943 tit
819 2885 968 2944 ministros
978 2882 1103 2963 Christi,

110 2973 136 3025 ct
151 2968 365 3048 dispensatores
388 2972 598 3048 mysteriorum
620 2971 686 3029 Dei.
703 2973 846 3029 Memoros
867 2978 1005 3046 practerea
1027 2969 1102 3044 sint,

109 3065 137 3108 sc
153 3047 250 3115 locum
272 3055 391 3128 tenore,
406 3072 438 3113 ac
452 3056 529 3115 vices
547 3055 629 3115 obire
648 3055 757 3113 summi
770 3097 778 3124 ‚
792 3062 880 3131 atque
896 3055 997 3113 aeterni
1010 3073 1103 3115 sacer·

108 3133 195 3211 dotis,
216 3140 269 3216 qui
291 3144 426 3215 sanctus,
446 3140 606 3209 innocens,
623 3138 795 3215 impollutus
812 3156 865 3218 per
877 3138 1019 3215 Spiritum
1037 3159 1103 3199 san-

109 3224 182 3279 ctum
198 3224 390 3300 semetipsum
410 3222 517 3282 obtulit
540 3223 761 3282 immaculatum
780 3224 861 3296 Deo,
877 3231 912 3281 ut
932 3224 1105 3282 emundaret

107 3306 310 3364 conscientiam
333 3314 463 3364 nostram
489 3306 526 3366 ab
550 3307 688 3383 operibus
708 3308 832 3366 mortuis
856 3306 893 3365 ad
917 3306 1103 3365 serviendum

108 3383 165 3444 Deo
183 3390 307 3448 viventi.
327 3389 435 3450 Sedulo
447 3391 539 3467 igitur
555 3390 710 3458 studeant,
730 3390 945 3469 diligenterque
965 3392 1101 3450 caveant,

108 3483 141 3527 oe
161 3474 376 3548 quaerentibus,
402 3480 433 3533 et
455 3476 639 3552 pulsantibus
660 3493 766 3534 eorum
786 3476 871 3552 oulpd
895 3474 1001 3531 coelum
1023 3466 1102 3523 clau-

107 3549 211 3629 datur,
233 3576 271 3617 ne
288 3557 450 3636 depcrditaa
468 3576 536 3620 ores
558 3560 595 3637 ad
616 3560 694 3620 ovile
715 3557 902 3626 dominicum,
916 3550 1014 3689 {edire
1034 3565 1103 3624 pro-
