<?xml version="1.0" encoding="UTF-8"?>
<!DOCTYPE html PUBLIC "-//W3C//DTD XHTML 1.0 Transitional//EN"
    "http://www.w3.org/TR/xhtml1/DTD/xhtml1-transitional.dtd">
<html xmlns="http://www.w3.org/1999/xhtml" xml:lang="en" lang="en">
 <head>
  <title>
</title>
<meta http-equiv="Content-Type" content="text/html;charset=utf-8" />
  <meta name='ocr-system' content='tesseract 3.04.00' />
  <meta name='ocr-capabilities' content='ocr_page ocr_carea ocr_par ocr_line ocrx_word'/>
</head>
<body>
  <div class='ocr_page' id='page_1' title='image "./theologiamorali01heilgoog_0157.png"; bbox 0 0 2642 4150; ppageno 0'>
   <div class='ocr_carea' id='block_1_1' title="bbox 424 170 1137 255">
    <p class='ocr_par' dir='ltr' id='par_1_1' title="bbox 412 128 1137 255">
     <span class='ocr_line' id='line_1_1' title="bbox 424 170 1137 255; baseline -0.004 -18.05"><span class='ocrx_word' id='word_1_1' title='bbox 424 175 471 237; x_wconf 85' lang='lat' dir='ltr'><strong>De</strong></span> <span class='ocrx_word' id='word_1_2' title='bbox 476 170 650 255; x_wconf 74' lang='lat' dir='ltr'><strong>privilepiis.</strong></span> <span class='ocrx_word' id='word_1_3' title='bbox 663 174 760 255; x_wconf 81' lang='lat' dir='ltr'><strong>Caput</strong></span> <span class='ocrx_word' id='word_1_4' title='bbox 768 175 831 234; x_wconf 86' lang='lat'><em>111.</em></span> <span class='ocrx_word' id='word_1_5' title='bbox 1034 224 1037 229; x_wconf 91' lang='lat'><em>.</em></span> <span class='ocrx_word' id='word_1_6' title='bbox 1080 176 1137 234; x_wconf 82' lang='grc'><strong>119</strong></span> 
     </span>
    </p>
   </div>
   <div class='ocr_carea' id='block_1_2' title="bbox 94 269 1182 3600">
    <p class='ocr_par' dir='ltr' id='par_1_2' title="bbox 126 269 1172 1746">
     <span class='ocr_line' id='line_1_2' title="bbox 133 269 1136 354; baseline -0.013 -4"><span class='ocrx_word' id='word_1_7' title='bbox 133 299 233 350; x_wconf 87' lang='lat' dir='ltr'><strong>tamen</strong></span> <span class='ocrx_word' id='word_1_8' title='bbox 244 281 365 343; x_wconf 84' lang='lat' dir='ltr'><strong>videtur</strong></span> <span class='ocrx_word' id='word_1_9' title='bbox 377 269 600 354; x_wconf 77' lang='lat' dir='ltr'><strong>intelligendum</strong></span> <span class='ocrx_word' id='word_1_10' title='bbox 611 274 693 350; x_wconf 75' lang='lat' dir='ltr'><strong>juxta</strong></span> <span class='ocrx_word' id='word_1_11' title='bbox 709 273 917 335; x_wconf 84' lang='lat' dir='ltr'><strong>limitationem</strong></span> <span class='ocrx_word' id='word_1_12' title='bbox 930 273 1136 337; x_wconf 63' lang='lat' dir='ltr'><strong>dissentitis.</strong></span> 
     </span>
     <span class='ocr_line' id='line_1_3' title="bbox 131 357 1139 448; baseline -0.01 -19"><span class='ocrx_word' id='word_1_13' title='bbox 131 371 183 448; x_wconf 90' lang='lat' dir='ltr'><strong>qui</strong></span> <span class='ocrx_word' id='word_1_14' title='bbox 204 369 237 427; x_wconf 90' lang='lat' dir='ltr'><strong>in</strong></span> <span class='ocrx_word' id='word_1_15' title='bbox 250 363 330 424; x_wconf 86' lang='lat' dir='ltr'><strong>bulla</strong></span> <span class='ocrx_word' id='word_1_16' title='bbox 349 362 500 439; x_wconf 77' lang='lat' dir='ltr'><strong>Superas,</strong></span> <span class='ocrx_word' id='word_1_17' title='bbox 512 358 589 417; x_wconf 87' lang='lat' dir='ltr'><strong>edita</strong></span> <span class='ocrx_word' id='word_1_18' title='bbox 606 360 640 418; x_wconf 72' lang='grc'><strong>11</strong></span> <span class='ocrx_word' id='word_1_19' title='bbox 657 358 728 418; x_wconf 74' lang='lat' dir='ltr'><strong>tun.</strong></span> <span class='ocrx_word' id='word_1_20' title='bbox 747 358 833 417; x_wconf 88' lang='grc'><strong>1670.</strong></span> <span class='ocrx_word' id='word_1_21' title='bbox 844 358 903 429; x_wconf 90' lang='lat' dir='ltr'><strong>ait,</strong></span> <span class='ocrx_word' id='word_1_22' title='bbox 916 375 998 437; x_wconf 81' lang='lat' dir='ltr'><strong>posse</strong></span> <span class='ocrx_word' id='word_1_23' title='bbox 1013 357 1139 438; x_wconf 65' lang='lat' dir='ltr'><strong>nacla·</strong></span> 
     </span>
     <span class='ocr_line' id='line_1_4' title="bbox 129 439 1139 525; baseline -0.013 -13"><span class='ocrx_word' id='word_1_24' title='bbox 129 470 193 511; x_wconf 83' lang='lat' dir='ltr'><strong>rem</strong></span> <span class='ocrx_word' id='word_1_25' title='bbox 209 444 422 525; x_wconf 82' lang='lat' dir='ltr'><strong>confessarium</strong></span> <span class='ocrx_word' id='word_1_26' title='bbox 442 447 476 501; x_wconf 80' lang='lat' dir='ltr'><strong>ta</strong></span> <span class='ocrx_word' id='word_1_27' title='bbox 493 439 622 522; x_wconf 83' lang='lat' dir='ltr'><strong>diaecesi,</strong></span> <span class='ocrx_word' id='word_1_28' title='bbox 646 442 681 500; x_wconf 87' lang='lat' dir='ltr'><strong>ia</strong></span> <span class='ocrx_word' id='word_1_29' title='bbox 700 458 760 520; x_wconf 82' lang='lat' dir='ltr'><strong>qua</strong></span> <span class='ocrx_word' id='word_1_30' title='bbox 785 448 829 501; x_wconf 84' lang='lat' dir='ltr'><strong>est</strong></span> <span class='ocrx_word' id='word_1_31' title='bbox 850 439 1052 519; x_wconf 81' lang='lat' dir='ltr'><strong>approbatas,</strong></span> <span class='ocrx_word' id='word_1_32' title='bbox 1070 459 1139 500; x_wconf 84' lang='lat' dir='ltr'><strong>eoa·</strong></span> 
     </span>
     <span class='ocr_line' id='line_1_5' title="bbox 126 522 1138 612; baseline -0.006 -21"><span class='ocrx_word' id='word_1_33' title='bbox 126 532 256 612; x_wconf 77' lang='grc'><strong>[1666166</strong></span> <span class='ocrx_word' id='word_1_34' title='bbox 271 547 308 588; x_wconf 82' lang='lat' dir='ltr'><strong>ea</strong></span> <span class='ocrx_word' id='word_1_35' title='bbox 323 523 387 585; x_wconf 85' lang='lat' dir='ltr'><strong>alia</strong></span> <span class='ocrx_word' id='word_1_36' title='bbox 404 523 519 584; x_wconf 81' lang='lat' dir='ltr'><strong>dioecesi</strong></span> <span class='ocrx_word' id='word_1_37' title='bbox 532 526 552 583; x_wconf 86' lang='lat' dir='ltr'><strong>d</strong></span> <span class='ocrx_word' id='word_1_38' title='bbox 566 523 691 603; x_wconf 70' lang='lat' dir='ltr'><strong>paccatas</strong></span> <span class='ocrx_word' id='word_1_39' title='bbox 711 528 745 583; x_wconf 85' lang='grc' dir='ltr'><strong>ιἰι</strong></span> <span class='ocrx_word' id='word_1_40' title='bbox 760 522 827 603; x_wconf 83' lang='lat' dir='ltr'><strong>ipsa</strong></span> <span class='ocrx_word' id='word_1_41' title='bbox 845 524 961 583; x_wconf 73' lang='lat' dir='ltr'><strong>tantiam</strong></span> <span class='ocrx_word' id='word_1_42' title='bbox 983 524 1138 585; x_wconf 68' lang='lat' dir='ltr'><strong><em>reservatis</em></strong></span> 
     </span>
     <span class='ocr_line' id='line_1_6' title="bbox 128 604 1138 685; baseline -0.01 -10"><span class='ocrx_word' id='word_1_43' title='bbox 128 608 371 685; x_wconf 75' lang='lat' dir='ltr'><strong>absolvere3aisi</strong></span> <span class='ocrx_word' id='word_1_44' title='bbox 384 605 494 668; x_wconf 83' lang='lat' dir='ltr'><strong>eosdem</strong></span> <span class='ocrx_word' id='word_1_45' title='bbox 510 607 680 684; x_wconf 80' lang='lat' dir='ltr'><strong>poenitentes</strong></span> <span class='ocrx_word' id='word_1_46' title='bbox 693 605 849 668; x_wconf 63' lang='lat' dir='ltr'><strong>noceatis</strong></span> <span class='ocrx_word' id='word_1_47' title='bbox 860 604 996 685; x_wconf 77' lang='lat' dir='ltr'><strong>fraudem</strong></span> <span class='ocrx_word' id='word_1_48' title='bbox 1007 623 1138 667; x_wconf 81' lang='lat' dir='ltr'><strong>reserva·</strong></span> 
     </span>
     <span class='ocr_line' id='line_1_7' title="bbox 129 685 1139 766; baseline -0.008 -9"><span class='ocrx_word' id='word_1_49' title='bbox 129 696 224 757; x_wconf 82' lang='lat' dir='ltr'><strong>tionis</strong></span> <span class='ocrx_word' id='word_1_50' title='bbox 240 692 281 753; x_wconf 91' lang='lat' dir='ltr'><strong>ad</strong></span> <span class='ocrx_word' id='word_1_51' title='bbox 302 690 432 754; x_wconf 74' lang='lat' dir='ltr'><strong>alienam</strong></span> <span class='ocrx_word' id='word_1_52' title='bbox 456 687 600 749; x_wconf 75' lang='lat' dir='ltr'><strong>diaecesim</strong></span> <span class='ocrx_word' id='word_1_53' title='bbox 628 706 683 766; x_wconf 84' lang='lat' dir='ltr'><strong>pro</strong></span> <span class='ocrx_word' id='word_1_54' title='bbox 704 685 883 750; x_wconf 79' lang='lat' dir='ltr'><strong>absolutione</strong></span> <span class='ocrx_word' id='word_1_55' title='bbox 902 685 1058 750; x_wconf 82' lang='lat' dir='ltr'><strong>obtinenda</strong></span> <span class='ocrx_word' id='word_1_56' title='bbox 1080 688 1139 749; x_wconf 83' lang='lat' dir='ltr'><strong>mi·</strong></span> 
     </span>
     <span class='ocr_line' id='line_1_8' title="bbox 126 771 1135 861; baseline -0.007 -21"><span class='ocrx_word' id='word_1_57' title='bbox 126 795 242 861; x_wconf 78' lang='lat' dir='ltr'><strong>prosse.</strong></span> <span class='ocrx_word' id='word_1_58' title='bbox 263 772 418 849; x_wconf 83' lang='lat' dir='ltr'><strong>Quomodo</strong></span> <span class='ocrx_word' id='word_1_59' title='bbox 437 780 535 830; x_wconf 90' lang='lat' dir='ltr'><strong>autem</strong></span> <span class='ocrx_word' id='word_1_60' title='bbox 554 771 679 845; x_wconf 76' lang='lat' dir='ltr'><strong>intelligi</strong></span> <span class='ocrx_word' id='word_1_61' title='bbox 699 771 802 831; x_wconf 89' lang='lat' dir='ltr'><strong>debeat</strong></span> <span class='ocrx_word' id='word_1_62' title='bbox 819 772 909 845; x_wconf 91' lang='lat' dir='ltr'><strong>illud,</strong></span> <span class='ocrx_word' id='word_1_63' title='bbox 924 771 959 830; x_wconf 85' lang='grc' dir='ltr'><strong>ιἰι</strong></span> <span class='ocrx_word' id='word_1_64' title='bbox 976 771 1135 849; x_wconf 69' lang='lat' dir='ltr'><strong>fraudas,</strong></span> 
     </span>
     <span class='ocr_line' id='line_1_9' title="bbox 127 852 1136 930; baseline -0.006 -9"><span class='ocrx_word' id='word_1_65' title='bbox 127 863 201 921; x_wconf 82' lang='lat' dir='ltr'><strong>ride</strong></span> <span class='ocrx_word' id='word_1_66' title='bbox 213 861 292 919; x_wconf 85' lang='lat' dir='ltr'><strong>dicta</strong></span> <span class='ocrx_word' id='word_1_67' title='bbox 305 855 356 918; x_wconf 82' lang='lat' dir='ltr'><strong>tib.</strong></span> <span class='ocrx_word' id='word_1_68' title='bbox 370 858 401 915; x_wconf 93' lang='grc'><strong>6.</strong></span> <span class='ocrx_word' id='word_1_69' title='bbox 415 853 451 914; x_wconf 88' lang='lat' dir='ltr'><strong>de</strong></span> <span class='ocrx_word' id='word_1_70' title='bbox 462 852 570 914; x_wconf 81' lang='lat' dir='ltr'><strong>Possit.</strong></span> <span class='ocrx_word' id='word_1_71' title='bbox 595 872 627 913; x_wconf 88' lang='grc' dir='ltr'><strong>ιι.</strong></span> <span class='ocrx_word' id='word_1_72' title='bbox 650 856 725 913; x_wconf 76' lang='grc'><strong>689.</strong></span> <span class='ocrx_word' id='word_1_73' title='bbox 737 871 813 914; x_wconf 85' lang='lat' dir='ltr'><strong>vers.</strong></span> <span class='ocrx_word' id='word_1_74' title='bbox 829 854 994 930; x_wconf 80' lang='lat' dir='ltr'><strong>Quomodo,</strong></span> <span class='ocrx_word' id='word_1_75' title='bbox 1009 863 1061 915; x_wconf 86' lang='lat' dir='ltr'><strong>ete.</strong></span> <span class='ocrx_word' id='word_1_76' title='bbox 1085 854 1136 915; x_wconf 90' lang='lat' dir='ltr'><strong>ubi</strong></span> 
     </span>
     <span class='ocr_line' id='line_1_10' title="bbox 130 934 1172 1022; baseline -0.004 -19"><span class='ocrx_word' id='word_1_77' title='bbox 130 940 318 1022; x_wconf 80' lang='lat' dir='ltr'><strong>probabilius</strong></span> <span class='ocrx_word' id='word_1_78' title='bbox 335 954 486 997; x_wconf 83' lang='lat' dir='ltr'>censemus</span> <span class='ocrx_word' id='word_1_79' title='bbox 502 955 569 996; x_wconf 92' lang='lat' dir='ltr'><strong>cum</strong></span> <span class='ocrx_word' id='word_1_80' title='bbox 585 934 747 1017; x_wconf 76' lang='lat' dir='ltr'><strong>Roneapfe&#39;a</strong></span> <span class='ocrx_word' id='word_1_81' title='bbox 765 945 795 997; x_wconf 89' lang='lat' dir='ltr'><strong>et</strong></span> <span class='ocrx_word' id='word_1_82' title='bbox 808 938 889 1008; x_wconf 85' lang='lat' dir='ltr'><strong>aliis,</strong></span> <span class='ocrx_word' id='word_1_83' title='bbox 904 938 979 997; x_wconf 86' lang='lat' dir='ltr'><strong>illud</strong></span> <span class='ocrx_word' id='word_1_84' title='bbox 1000 938 1034 997; x_wconf 83' lang='grc' dir='ltr'><strong>ιἰι</strong></span> <span class='ocrx_word' id='word_1_85' title='bbox 1049 937 1138 1018; x_wconf 77' lang='lat' dir='ltr'><strong>fraa-</strong></span> <span class='ocrx_word' id='word_1_86' title='bbox 1165 935 1172 948; x_wconf 72' lang='grc'><strong><em>“</em></strong></span> 
     </span>
     <span class='ocr_line' id='line_1_11' title="bbox 130 1017 1137 1098; baseline -0.005 -11"><span class='ocrx_word' id='word_1_87' title='bbox 130 1027 202 1088; x_wconf 70' lang='lat' dir='ltr'><strong>clean</strong></span> <span class='ocrx_word' id='word_1_88' title='bbox 219 1021 442 1098; x_wconf 83' lang='lat' dir='ltr'><strong>intelligendum</strong></span> <span class='ocrx_word' id='word_1_89' title='bbox 462 1037 543 1095; x_wconf 90' lang='lat' dir='ltr'><strong>esse,</strong></span> <span class='ocrx_word' id='word_1_90' title='bbox 563 1017 631 1086; x_wconf 84' lang='lat' dir='ltr'><strong>edm</strong></span> <span class='ocrx_word' id='word_1_91' title='bbox 651 1021 718 1095; x_wconf 87' lang='lat' dir='ltr'><strong>quis</strong></span> <span class='ocrx_word' id='word_1_92' title='bbox 744 1021 869 1080; x_wconf 90' lang='lat' dir='ltr'><strong>alienam</strong></span> <span class='ocrx_word' id='word_1_93' title='bbox 897 1021 972 1097; x_wconf 90' lang='lat' dir='ltr'><strong>petit</strong></span> <span class='ocrx_word' id='word_1_94' title='bbox 989 1019 1137 1082; x_wconf 71' lang='lat' dir='ltr'><strong>diaecesim</strong></span> 
     </span>
     <span class='ocr_line' id='line_1_12' title="bbox 132 1102 1139 1183; baseline -0.003 -16"><span class='ocrx_word' id='word_1_95' title='bbox 132 1110 176 1169; x_wconf 92' lang='lat' dir='ltr'><strong>ob</strong></span> <span class='ocrx_word' id='word_1_96' title='bbox 202 1106 392 1183; x_wconf 77' lang='lat' dir='ltr'>principalem</span> <span class='ocrx_word' id='word_1_97' title='bbox 413 1104 504 1163; x_wconf 89' lang='lat' dir='ltr'><strong>finem</strong></span> <span class='ocrx_word' id='word_1_98' title='bbox 531 1103 696 1162; x_wconf 87' lang='lat' dir='ltr'><strong>obtinendi·</strong></span> <span class='ocrx_word' id='word_1_99' title='bbox 709 1102 945 1172; x_wconf 88' lang='lat' dir='ltr'><strong>absolutionem,</strong></span> <span class='ocrx_word' id='word_1_100' title='bbox 967 1102 1139 1181; x_wconf 74' lang='lat' dir='ltr'><strong>vitandique</strong></span> 
     </span>
     <span class='ocr_line' id='line_1_13' title="bbox 130 1182 1139 1266; baseline -0.003 -18"><span class='ocrx_word' id='word_1_101' title='bbox 130 1189 282 1266; x_wconf 87' lang='lat' dir='ltr'><strong>judicium</strong></span> <span class='ocrx_word' id='word_1_102' title='bbox 297 1186 410 1264; x_wconf 85' lang='lat' dir='ltr'><strong>proprii</strong></span> <span class='ocrx_word' id='word_1_103' title='bbox 428 1187 562 1262; x_wconf 85' lang='lat' dir='ltr'><strong>pastoris.</strong></span> <span class='ocrx_word' id='word_1_104' title='bbox 576 1185 598 1243; x_wconf 86' lang='lat' dir='ltr'>E</span> <span class='ocrx_word' id='word_1_105' title='bbox 611 1182 712 1243; x_wconf 75' lang='lat' dir='ltr'><strong>contria</strong></span> <span class='ocrx_word' id='word_1_106' title='bbox 730 1186 838 1244; x_wconf 77' lang='lat' dir='ltr'><strong>Auaor</strong></span> <span class='ocrx_word' id='word_1_107' title='bbox 852 1183 1005 1261; x_wconf 73' lang='lat' dir='ltr'><strong>theologias</strong></span> <span class='ocrx_word' id='word_1_108' title='bbox 1020 1187 1139 1245; x_wconf 88' lang='lat' dir='ltr'><strong>moralis</strong></span> 
     </span>
     <span class='ocr_line' id='line_1_14' title="bbox 132 1265 1140 1333; baseline -0.004 -1"><span class='ocrx_word' id='word_1_109' title='bbox 132 1275 167 1333; x_wconf 90' lang='lat' dir='ltr'><strong>in</strong></span> <span class='ocrx_word' id='word_1_110' title='bbox 184 1288 272 1330; x_wconf 88' lang='lat' dir='ltr'><strong>usum</strong></span> <span class='ocrx_word' id='word_1_111' title='bbox 294 1269 448 1329; x_wconf 80' lang='lat' dir='ltr'><strong>seminarii</strong></span> <span class='ocrx_word' id='word_1_112' title='bbox 469 1267 686 1328; x_wconf 86' lang='lat' dir='ltr'><strong>Petrocorensis</strong></span> <span class='ocrx_word' id='word_1_113' title='bbox 707 1266 846 1327; x_wconf 77' lang='lat' dir='ltr'><strong>relatusb</strong></span> <span class='ocrx_word' id='word_1_114' title='bbox 867 1265 977 1325; x_wconf 84' lang='lat' dir='ltr'><strong>Beaed.</strong></span> <span class='ocrx_word' id='word_1_115' title='bbox 998 1268 1088 1328; x_wconf 84' lang='lat' dir='ltr'><em>XIV.</em></span> <span class='ocrx_word' id='word_1_116' title='bbox 1105 1269 1140 1328; x_wconf 85' lang='grc' dir='ltr'><strong>ιἰι</strong></span> 
     </span>
     <span class='ocr_line' id='line_1_15' title="bbox 135 1348 1140 1434; baseline -0.004 -20"><span class='ocrx_word' id='word_1_117' title='bbox 135 1359 231 1434; x_wconf 85' lang='lat' dir='ltr'><strong>Opera</strong></span> <span class='ocrx_word' id='word_1_118' title='bbox 243 1351 278 1414; x_wconf 87' lang='lat' dir='ltr'><strong>da</strong></span> <span class='ocrx_word' id='word_1_119' title='bbox 289 1350 407 1429; x_wconf 59' lang='lat' dir='ltr'><strong>Quaado</strong></span> <span class='ocrx_word' id='word_1_120' title='bbox 421 1351 543 1411; x_wconf 81' lang='lat' dir='ltr'><strong>Dioeces.</strong></span> <span class='ocrx_word' id='word_1_121' title='bbox 567 1348 620 1410; x_wconf 81' lang='lat' dir='ltr'><strong>tit.</strong></span> <span class='ocrx_word' id='word_1_122' title='bbox 641 1352 670 1409; x_wconf 79' lang='lat' dir='ltr'><strong>t.</strong></span> <span class='ocrx_word' id='word_1_123' title='bbox 685 1352 754 1409; x_wconf 74' lang='lat' dir='ltr'><strong>ab·</strong></span> <span class='ocrx_word' id='word_1_124' title='bbox 768 1368 800 1409; x_wconf 84' lang='lat' dir='ltr'><strong>a.</strong></span> <span class='ocrx_word' id='word_1_125' title='bbox 817 1351 846 1409; x_wconf 86' lang='grc'><strong>8.</strong></span> <span class='ocrx_word' id='word_1_126' title='bbox 860 1349 963 1408; x_wconf 85' lang='lat' dir='ltr'><strong>scribit</strong></span> <span class='ocrx_word' id='word_1_127' title='bbox 975 1372 986 1408; x_wconf 92' lang='grc'><strong>.·</strong></span> <span class='ocrx_word' id='word_1_128' title='bbox 998 1351 1140 1427; x_wconf 82' lang='lat' dir='ltr'><strong>Receptis·</strong></span> 
     </span>
     <span class='ocr_line' id='line_1_16' title="bbox 134 1429 1142 1511; baseline -0.009 -13"><span class='ocrx_word' id='word_1_129' title='bbox 134 1440 216 1500; x_wconf 80' lang='lat' dir='ltr'><strong>sium</strong></span> <span class='ocrx_word' id='word_1_130' title='bbox 237 1433 407 1494; x_wconf 73' lang='lat' dir='ltr'><strong>emmaetado</strong></span> <span class='ocrx_word' id='word_1_131' title='bbox 428 1441 489 1505; x_wconf 84' lang='lat' dir='ltr'><strong>est,</strong></span> <span class='ocrx_word' id='word_1_132' title='bbox 505 1442 541 1493; x_wconf 86' lang='lat' dir='ltr'><strong>at</strong></span> <span class='ocrx_word' id='word_1_133' title='bbox 555 1433 703 1503; x_wconf 82' lang='lat' dir='ltr'><strong>uiatores,</strong></span> <span class='ocrx_word' id='word_1_134' title='bbox 723 1440 913 1505; x_wconf 73' lang='lat' dir='ltr'><strong>mercatores,</strong></span> <span class='ocrx_word' id='word_1_135' title='bbox 933 1429 1063 1509; x_wconf 78' lang='lat' dir='ltr'><strong>aliique,</strong></span> <span class='ocrx_word' id='word_1_136' title='bbox 1087 1430 1142 1511; x_wconf 80' lang='lat' dir='ltr'><strong>qai</strong></span> 
     </span>
     <span class='ocr_line' id='line_1_17' title="bbox 134 1511 1140 1600; baseline -0.005 -22"><span class='ocrx_word' id='word_1_137' title='bbox 134 1526 262 1600; x_wconf 83' lang='lat' dir='ltr'><strong>propter</strong></span> <span class='ocrx_word' id='word_1_138' title='bbox 274 1517 451 1597; x_wconf 73' lang='lat' dir='ltr'><strong>nepotianum</strong></span> <span class='ocrx_word' id='word_1_139' title='bbox 468 1518 683 1588; x_wconf 83' lang='lat' dir='ltr'><strong>necessitatem,</strong></span> <span class='ocrx_word' id='word_1_140' title='bbox 704 1512 752 1575; x_wconf 83' lang='lat' dir='ltr'><strong>ael</strong></span> <span class='ocrx_word' id='word_1_141' title='bbox 764 1514 800 1576; x_wconf 88' lang='lat' dir='ltr'><strong>ob</strong></span> <span class='ocrx_word' id='word_1_142' title='bbox 819 1513 905 1594; x_wconf 86' lang='lat' dir='ltr'><strong>piam</strong></span> <span class='ocrx_word' id='word_1_143' title='bbox 917 1511 1011 1573; x_wconf 81' lang='lat' dir='ltr'><strong>aliam</strong></span> <span class='ocrx_word' id='word_1_144' title='bbox 1028 1512 1140 1590; x_wconf 69' lang='lat' dir='ltr'><strong>linem,</strong></span> 
     </span>
     <span class='ocr_line' id='line_1_18' title="bbox 134 1593 1144 1684; baseline -0.007 -21"><span class='ocrx_word' id='word_1_145' title='bbox 134 1604 172 1663; x_wconf 84' lang='grc' dir='ltr'><strong>ιἰι</strong></span> <span class='ocrx_word' id='word_1_146' title='bbox 193 1598 310 1660; x_wconf 83' lang='lat' dir='ltr'><strong>alienas</strong></span> <span class='ocrx_word' id='word_1_147' title='bbox 329 1598 458 1662; x_wconf 78' lang='lat' dir='ltr'><strong>dioeceses</strong></span> <span class='ocrx_word' id='word_1_148' title='bbox 484 1606 658 1674; x_wconf 82' lang='lat' dir='ltr'><strong>transeant,</strong></span> <span class='ocrx_word' id='word_1_149' title='bbox 678 1597 722 1661; x_wconf 83' lang='lat' dir='ltr'><strong>ibi</strong></span> <span class='ocrx_word' id='word_1_150' title='bbox 747 1599 862 1679; x_wconf 83' lang='lat' dir='ltr'><strong>possint</strong></span> <span class='ocrx_word' id='word_1_151' title='bbox 892 1593 1144 1684; x_wconf 80' lang='lat' dir='ltr'><strong>sacramentaliter</strong></span> 
     </span>
     <span class='ocr_line' id='line_1_19' title="bbox 133 1683 686 1746; baseline -0.009 0"><span class='ocrx_word' id='word_1_152' title='bbox 133 1683 262 1746; x_wconf 79' lang='lat' dir='ltr'><strong>absolvi.</strong></span> <span class='ocrx_word' id='word_1_153' title='bbox 684 1695 686 1704; x_wconf 80' lang='grc'>’</span> 
     </span>
    </p>

    <p class='ocr_par' dir='ltr' id='par_1_3' title="bbox 94 1761 1147 3244">
     <span class='ocr_line' id='line_1_20' title="bbox 94 1761 1141 1847; baseline -0.002 -19"><span class='ocrx_word' id='word_1_154' title='bbox 94 1761 98 1767; x_wconf 75' lang='grc'><strong>’</strong></span> <span class='ocrx_word' id='word_1_155' title='bbox 175 1771 226 1828; x_wconf 84' lang='grc'><strong>56.</strong></span> <span class='ocrx_word' id='word_1_156' title='bbox 238 1800 278 1812; x_wconf 93' lang='grc'>-</span> <span class='ocrx_word' id='word_1_157' title='bbox 289 1768 450 1828; x_wconf 86' lang='lat' dir='ltr'><strong>Dubitatur</strong></span> <span class='ocrx_word' id='word_1_158' title='bbox 461 1769 492 1828; x_wconf 77' lang='lat'><strong>5.</strong></span> <span class='ocrx_word' id='word_1_159' title='bbox 507 1765 613 1828; x_wconf 81' lang='lat' dir='ltr'><strong>Uudm</strong></span> <span class='ocrx_word' id='word_1_160' title='bbox 626 1767 747 1828; x_wconf 77' lang='lat' dir='ltr'><strong>facultas</strong></span> <span class='ocrx_word' id='word_1_161' title='bbox 767 1766 935 1827; x_wconf 79' lang='lat' dir='ltr'><strong>Tridentini</strong></span> <span class='ocrx_word' id='word_1_162' title='bbox 960 1767 1141 1847; x_wconf 70' lang='lat' dir='ltr'><strong>intelligatur</strong></span> 
     </span>
     <span class='ocr_line' id='line_1_21' title="bbox 135 1851 1143 1929; baseline -0.003 -16"><span class='ocrx_word' id='word_1_163' title='bbox 135 1869 271 1924; x_wconf 79' lang='lat' dir='ltr'><strong>concessa</strong></span> <span class='ocrx_word' id='word_1_164' title='bbox 284 1851 432 1928; x_wconf 87' lang='lat' dir='ltr'><strong>Episcopis</strong></span> <span class='ocrx_word' id='word_1_165' title='bbox 448 1869 504 1925; x_wconf 86' lang='lat' dir='ltr'><strong>pro</strong></span> <span class='ocrx_word' id='word_1_166' title='bbox 517 1851 649 1922; x_wconf 86' lang='lat' dir='ltr'><strong>casibus,</strong></span> <span class='ocrx_word' id='word_1_167' title='bbox 672 1860 703 1911; x_wconf 91' lang='lat' dir='ltr'><strong>et</strong></span> <span class='ocrx_word' id='word_1_168' title='bbox 713 1852 978 1928; x_wconf 80' lang='lat' dir='ltr'><strong>irregularitatibus</strong></span> <span class='ocrx_word' id='word_1_169' title='bbox 992 1862 1057 1929; x_wconf 88' lang='lat' dir='ltr'><strong>post</strong></span> <span class='ocrx_word' id='word_1_170' title='bbox 1069 1868 1143 1911; x_wconf 90' lang='lat' dir='ltr'><strong>con·</strong></span> 
     </span>
     <span class='ocr_line' id='line_1_22' title="bbox 135 1932 1141 2013; baseline -0.004 -17"><span class='ocrx_word' id='word_1_171' title='bbox 135 1937 241 1996; x_wconf 82' lang='lat' dir='ltr'><strong>cilium</strong></span> <span class='ocrx_word' id='word_1_172' title='bbox 252 1935 428 1994; x_wconf 78' lang='lat' dir='ltr'><strong>reservatis?</strong></span> <span class='ocrx_word' id='word_1_173' title='bbox 440 1932 582 2007; x_wconf 72' lang='lat' dir='ltr'><strong>Garoias,</strong></span> <span class='ocrx_word' id='word_1_174' title='bbox 593 1943 623 1994; x_wconf 88' lang='lat' dir='ltr'><strong>ct</strong></span> <span class='ocrx_word' id='word_1_175' title='bbox 632 1933 778 1996; x_wconf 75' lang='lat' dir='ltr'><strong>Flammas</strong></span> <span class='ocrx_word' id='word_1_176' title='bbox 789 1935 867 2013; x_wconf 93' lang='lat' dir='ltr'><strong>apud</strong></span> <span class='ocrx_word' id='word_1_177' title='bbox 880 1934 1013 1994; x_wconf 83' lang='lat' dir='ltr'><strong>Dianam</strong></span> <span class='ocrx_word' id='word_1_178' title='bbox 1023 1943 1141 2012; x_wconf 78' lang='lat' dir='ltr'><strong>negant,</strong></span> 
     </span>
     <span class='ocr_line' id='line_1_23' title="bbox 135 2018 1142 2098; baseline -0.007 -16"><span class='ocrx_word' id='word_1_179' title='bbox 135 2031 166 2082; x_wconf 92' lang='lat' dir='ltr'><strong>ct</strong></span> <span class='ocrx_word' id='word_1_180' title='bbox 189 2019 322 2079; x_wconf 86' lang='lat' dir='ltr'><strong>inferunt</strong></span> <span class='ocrx_word' id='word_1_181' title='bbox 343 2036 380 2078; x_wconf 81' lang='lat' dir='ltr'><strong>cx</strong></span> <span class='ocrx_word' id='word_1_182' title='bbox 394 2019 520 2096; x_wconf 85' lang='lat' dir='ltr'><strong>quadam</strong></span> <span class='ocrx_word' id='word_1_183' title='bbox 537 2018 734 2090; x_wconf 77' lang='lat' dir='ltr'><strong>declaratione</strong></span> <span class='ocrx_word' id='word_1_184' title='bbox 753 2018 887 2098; x_wconf 80' lang='lat' dir='ltr'><strong>Graporii</strong></span> <span class='ocrx_word' id='word_1_185' title='bbox 898 2019 995 2079; x_wconf 81' lang='lat' dir='ltr'><em>XIII.</em></span> <span class='ocrx_word' id='word_1_186' title='bbox 1012 2019 1043 2078; x_wconf 91' lang='lat' dir='ltr'><strong>in</strong></span> <span class='ocrx_word' id='word_1_187' title='bbox 1064 2034 1142 2095; x_wconf 86' lang='lat' dir='ltr'><strong>qua,</strong></span> 
     </span>
     <span class='ocr_line' id='line_1_24' title="bbox 126 2101 1142 2182; baseline -0.004 -18"><span class='ocrx_word' id='word_1_188' title='bbox 126 2103 205 2164; x_wconf 79' lang='lat' dir='ltr'><strong>&#39;edm</strong></span> <span class='ocrx_word' id='word_1_189' title='bbox 223 2102 392 2162; x_wconf 87' lang='lat' dir='ltr'><strong>dubitatum</strong></span> <span class='ocrx_word' id='word_1_190' title='bbox 415 2103 538 2175; x_wconf 89' lang='lat' dir='ltr'><strong>fuisset,</strong></span> <span class='ocrx_word' id='word_1_191' title='bbox 557 2103 659 2164; x_wconf 80' lang='lat' dir='ltr'><strong>utrum</strong></span> <span class='ocrx_word' id='word_1_192' title='bbox 684 2104 843 2182; x_wconf 82' lang='lat' dir='ltr'><strong>Episcopus</strong></span> <span class='ocrx_word' id='word_1_193' title='bbox 868 2110 966 2180; x_wconf 88' lang='lat' dir='ltr'><strong>posset</strong></span> <span class='ocrx_word' id='word_1_194' title='bbox 991 2101 1142 2160; x_wconf 85' lang='lat' dir='ltr'><strong>absolvere</strong></span> 
     </span>
     <span class='ocr_line' id='line_1_25' title="bbox 133 2185 1143 2263; baseline -0.004 -16"><span class='ocrx_word' id='word_1_195' title='bbox 133 2185 299 2247; x_wconf 85' lang='lat' dir='ltr'><strong>monialem</strong></span> <span class='ocrx_word' id='word_1_196' title='bbox 337 2185 520 2263; x_wconf 74' lang='lat' dir='ltr'><strong>frangentem</strong></span> <span class='ocrx_word' id='word_1_197' title='bbox 548 2187 735 2257; x_wconf 84' lang='lat' dir='ltr'><strong>clausuram,</strong></span> <span class='ocrx_word' id='word_1_198' title='bbox 768 2187 805 2246; x_wconf 89' lang='lat' dir='ltr'><strong>ab</strong></span> <span class='ocrx_word' id='word_1_199' title='bbox 842 2185 1143 2246; x_wconf 85' lang='lat' dir='ltr'><strong>excommunicatione</strong></span> 
     </span>
     <span class='ocr_line' id='line_1_26' title="bbox 134 2267 1144 2347; baseline 0.001 -20"><span class='ocrx_word' id='word_1_200' title='bbox 134 2267 270 2347; x_wconf 82' lang='lat' dir='ltr'><strong>(quando</strong></span> <span class='ocrx_word' id='word_1_201' title='bbox 289 2277 333 2326; x_wconf 87' lang='lat' dir='ltr'><strong>est</strong></span> <span class='ocrx_word' id='word_1_202' title='bbox 351 2269 475 2346; x_wconf 85' lang='lat' dir='ltr'><strong>occulta)</strong></span> <span class='ocrx_word' id='word_1_203' title='bbox 488 2269 505 2327; x_wconf 79' lang='lat' dir='ltr'><strong>l</strong></span> <span class='ocrx_word' id='word_1_204' title='bbox 518 2271 550 2330; x_wconf 86' lang='grc'><strong>8.</strong></span> <span class='ocrx_word' id='word_1_205' title='bbox 565 2272 621 2330; x_wconf 86' lang='lat' dir='ltr'><strong>Pio</strong></span> <span class='ocrx_word' id='word_1_206' title='bbox 638 2273 674 2332; x_wconf 89' lang='lat' dir='ltr'><strong>V.</strong></span> <span class='ocrx_word' id='word_1_207' title='bbox 689 2277 848 2347; x_wconf 87' lang='lat' dir='ltr'><strong>reservata,</strong></span> <span class='ocrx_word' id='word_1_208' title='bbox 865 2271 997 2330; x_wconf 78' lang='lat' dir='ltr'><strong>Pontifex</strong></span> <span class='ocrx_word' id='word_1_209' title='bbox 1015 2270 1144 2329; x_wconf 84' lang='lat' dir='ltr'><strong>declara·</strong></span> 
     </span>
     <span class='ocr_line' id='line_1_27' title="bbox 135 2354 1143 2427; baseline 0 -17"><span class='ocrx_word' id='word_1_210' title='bbox 135 2354 181 2411; x_wconf 85' lang='lat' dir='ltr'><strong>vit</strong></span> <span class='ocrx_word' id='word_1_211' title='bbox 194 2395 205 2422; x_wconf 90' lang='lat'><strong>,</strong></span> <span class='ocrx_word' id='word_1_212' title='bbox 219 2367 282 2409; x_wconf 90' lang='lat' dir='ltr'><strong>nou</strong></span> <span class='ocrx_word' id='word_1_213' title='bbox 304 2367 397 2427; x_wconf 88' lang='lat' dir='ltr'><strong>possa.</strong></span> <span class='ocrx_word' id='word_1_214' title='bbox 412 2354 547 2412; x_wconf 80' lang='lat' dir='ltr'><strong>Attamen</strong></span> <span class='ocrx_word' id='word_1_215' title='bbox 571 2357 714 2412; x_wconf 86' lang='lat' dir='ltr'><strong>sententia</strong></span> <span class='ocrx_word' id='word_1_216' title='bbox 735 2354 970 2412; x_wconf 86' lang='lat' dir='ltr'><strong>communissima</strong></span> <span class='ocrx_word' id='word_1_217' title='bbox 982 2372 1050 2413; x_wconf 89' lang='lat' dir='ltr'><strong>cnm</strong></span> <span class='ocrx_word' id='word_1_218' title='bbox 1067 2355 1143 2411; x_wconf 84' lang='lat' dir='ltr'><strong>Saa-</strong></span> 
     </span>
     <span class='ocr_line' id='line_1_28' title="bbox 135 2432 1144 2514; baseline -0.001 -19"><span class='ocrx_word' id='word_1_219' title='bbox 135 2434 208 2495; x_wconf 82' lang='lat' dir='ltr'><strong>cirez</strong></span> <span class='ocrx_word' id='word_1_220' title='bbox 218 2478 227 2507; x_wconf 85' lang='lat'><strong>,</strong></span> <span class='ocrx_word' id='word_1_221' title='bbox 238 2434 411 2506; x_wconf 74' lang='lat' dir='ltr'><strong>Bouneima,</strong></span> <span class='ocrx_word' id='word_1_222' title='bbox 424 2434 553 2506; x_wconf 76' lang='lat' dir='ltr'><strong>Suam,</strong></span> <span class='ocrx_word' id='word_1_223' title='bbox 568 2436 690 2505; x_wconf 79' lang='lat' dir='ltr'><strong>Bessis,</strong></span> <span class='ocrx_word' id='word_1_224' title='bbox 701 2438 822 2505; x_wconf 82' lang='lat' dir='ltr'><strong>Biana,</strong></span> <span class='ocrx_word' id='word_1_225' title='bbox 837 2437 915 2514; x_wconf 80' lang='lat' dir='ltr'><strong>Vepa</strong></span> <span class='ocrx_word' id='word_1_226' title='bbox 925 2432 1066 2512; x_wconf 67' lang='lat' dir='ltr'><strong>,aliaque</strong></span> <span class='ocrx_word' id='word_1_227' title='bbox 1074 2434 1144 2509; x_wconf 81' lang='lat' dir='ltr'><strong>jure</strong></span> 
     </span>
     <span class='ocr_line' id='line_1_29' title="bbox 136 2515 1143 2596; baseline -0.004 -18"><span class='ocrx_word' id='word_1_228' title='bbox 136 2518 268 2578; x_wconf 83' lang='lat' dir='ltr'><strong>affirmat</strong></span> <span class='ocrx_word' id='word_1_229' title='bbox 280 2541 289 2595; x_wconf 82' lang='lat'>3</span> <span class='ocrx_word' id='word_1_230' title='bbox 301 2520 332 2578; x_wconf 93' lang='lat' dir='ltr'><strong>in</strong></span> <span class='ocrx_word' id='word_1_231' title='bbox 349 2537 412 2596; x_wconf 87' lang='lat' dir='ltr'><strong>cap.</strong></span> <span class='ocrx_word' id='word_1_232' title='bbox 424 2521 503 2579; x_wconf 87' lang='lat' dir='ltr'><strong>enim</strong></span> <span class='ocrx_word' id='word_1_233' title='bbox 520 2519 636 2589; x_wconf 80' lang='lat' dir='ltr'><strong>Liceat,</strong></span> <span class='ocrx_word' id='word_1_234' title='bbox 653 2519 822 2578; x_wconf 74' lang='lat' dir='ltr'><strong>conceditur</strong></span> <span class='ocrx_word' id='word_1_235' title='bbox 838 2519 957 2575; x_wconf 85' lang='lat' dir='ltr'><strong>facultas</strong></span> <span class='ocrx_word' id='word_1_236' title='bbox 971 2515 1143 2592; x_wconf 75' lang='lat' dir='ltr'><strong>indefinite,</strong></span> 
     </span>
     <span class='ocr_line' id='line_1_30' title="bbox 138 2597 1147 2680; baseline -0.002 -20"><span class='ocrx_word' id='word_1_237' title='bbox 138 2611 170 2660; x_wconf 89' lang='lat' dir='ltr'><strong>et</strong></span> <span class='ocrx_word' id='word_1_238' title='bbox 192 2601 356 2661; x_wconf 81' lang='lat' dir='ltr'><strong>socundirm</strong></span> <span class='ocrx_word' id='word_1_239' title='bbox 381 2604 493 2661; x_wconf 79' lang='lat' dir='ltr'><strong>axioma</strong></span> <span class='ocrx_word' id='word_1_240' title='bbox 515 2603 669 2680; x_wconf 80' lang='lat' dir='ltr'><strong>generale:</strong></span> <span class='ocrx_word' id='word_1_241' title='bbox 688 2600 741 2663; x_wconf 80' lang='lat' dir='ltr'><strong>ati</strong></span> <span class='ocrx_word' id='word_1_242' title='bbox 757 2597 804 2659; x_wconf 79' lang='lat' dir='ltr'><strong>lex</strong></span> <span class='ocrx_word' id='word_1_243' title='bbox 820 2617 881 2658; x_wconf 84' lang='lat' dir='ltr'><strong>aaa</strong></span> <span class='ocrx_word' id='word_1_244' title='bbox 899 2597 1072 2676; x_wconf 64' lang='lat' dir='ltr'><strong>distinguit,</strong></span> <span class='ocrx_word' id='word_1_245' title='bbox 1095 2616 1147 2658; x_wconf 84' lang='lat' dir='ltr'><strong>aaa</strong></span> 
     </span>
     <span class='ocr_line' id='line_1_31' title="bbox 137 2680 1145 2764; baseline -0.007 -18"><span class='ocrx_word' id='word_1_246' title='bbox 137 2701 197 2746; x_wconf 81' lang='lat' dir='ltr'><strong>aaa</strong></span> <span class='ocrx_word' id='word_1_247' title='bbox 215 2683 395 2764; x_wconf 75' lang='lat' dir='ltr'><strong>distiayaere</strong></span> <span class='ocrx_word' id='word_1_248' title='bbox 420 2685 563 2746; x_wconf 80' lang='lat' dir='ltr'><strong>debemcrs.</strong></span> <span class='ocrx_word' id='word_1_249' title='bbox 586 2687 689 2763; x_wconf 84' lang='lat' dir='ltr'><strong>Neque</strong></span> <span class='ocrx_word' id='word_1_250' title='bbox 713 2684 809 2743; x_wconf 85' lang='lat' dir='ltr'><strong>obstat</strong></span> <span class='ocrx_word' id='word_1_251' title='bbox 832 2681 946 2741; x_wconf 85' lang='lat' dir='ltr'><strong>laudata</strong></span> <span class='ocrx_word' id='word_1_252' title='bbox 969 2680 1145 2751; x_wconf 80' lang='lat' dir='ltr'><strong>declaratio,</strong></span> 
     </span>
     <span class='ocr_line' id='line_1_32' title="bbox 136 2766 1147 2845; baseline -0.003 -18"><span class='ocrx_word' id='word_1_253' title='bbox 136 2769 211 2845; x_wconf 85' lang='lat' dir='ltr'><strong>quin</strong></span> <span class='ocrx_word' id='word_1_254' title='bbox 224 2767 258 2826; x_wconf 90' lang='lat' dir='ltr'><strong>in</strong></span> <span class='ocrx_word' id='word_1_255' title='bbox 271 2767 350 2826; x_wconf 90' lang='lat' dir='ltr'><strong>bulla</strong></span> <span class='ocrx_word' id='word_1_256' title='bbox 368 2770 400 2827; x_wconf 94' lang='grc'><strong>8.</strong></span> <span class='ocrx_word' id='word_1_257' title='bbox 414 2769 465 2829; x_wconf 82' lang='lat' dir='ltr'><strong>Pii</strong></span> <span class='ocrx_word' id='word_1_258' title='bbox 477 2769 591 2829; x_wconf 81' lang='lat' dir='ltr'><strong>extabat</strong></span> <span class='ocrx_word' id='word_1_259' title='bbox 610 2769 756 2837; x_wconf 87' lang='lat' dir='ltr'><strong>clausula,</strong></span> <span class='ocrx_word' id='word_1_260' title='bbox 777 2769 887 2844; x_wconf 81' lang='lat' dir='ltr'><strong>dqaa,</strong></span> <span class='ocrx_word' id='word_1_261' title='bbox 909 2768 1112 2843; x_wconf 71' lang='lat' dir='ltr'><strong>praterqaam‘</strong></span> <span class='ocrx_word' id='word_1_262' title='bbox 1127 2766 1147 2824; x_wconf 92' lang='lat' dir='ltr'><strong>d</strong></span> 
     </span>
     <span class='ocr_line' id='line_1_33' title="bbox 136 2844 1145 2928; baseline -0.004 -15"><span class='ocrx_word' id='word_1_263' title='bbox 136 2855 279 2913; x_wconf 74' lang='lat' dir='ltr'><strong>Botriano</strong></span> <span class='ocrx_word' id='word_1_264' title='bbox 295 2850 454 2928; x_wconf 77' lang='lat' dir='ltr'><strong>Pontifice,</strong></span> <span class='ocrx_word' id='word_1_265' title='bbox 475 2852 536 2911; x_wconf 82' lang='lat' dir='ltr'><strong>nisi</strong></span> <span class='ocrx_word' id='word_1_266' title='bbox 554 2853 588 2912; x_wconf 84' lang='grc' dir='ltr'><strong>ιἰι</strong></span> <span class='ocrx_word' id='word_1_267' title='bbox 611 2850 722 2911; x_wconf 83' lang='lat' dir='ltr'><strong>mortis-</strong></span> <span class='ocrx_word' id='word_1_268' title='bbox 735 2846 877 2920; x_wconf 82' lang='lat' dir='ltr'><strong>articulo,</strong></span> <span class='ocrx_word' id='word_1_269' title='bbox 891 2844 1145 2927; x_wconf 78' lang='lat' dir='ltr'><strong>abaciaimqaeat.</strong></span> 
     </span>
     <span class='ocr_line' id='line_1_34' title="bbox 138 2932 1147 3012; baseline -0.002 -16"><span class='ocrx_word' id='word_1_270' title='bbox 138 2933 231 2996; x_wconf 86' lang='lat' dir='ltr'><strong>Unde</strong></span> <span class='ocrx_word' id='word_1_271' title='bbox 253 2933 375 3010; x_wconf 78' lang='lat' dir='ltr'><strong>prorsus</strong></span> <span class='ocrx_word' id='word_1_272' title='bbox 393 2953 452 2995; x_wconf 93' lang='lat' dir='ltr'><strong>non</strong></span> <span class='ocrx_word' id='word_1_273' title='bbox 475 2935 643 2995; x_wconf 89' lang='lat' dir='ltr'><strong>dubitamus</strong></span> <span class='ocrx_word' id='word_1_274' title='bbox 663 2954 732 2995; x_wconf 90' lang='lat' dir='ltr'><strong>cum</strong></span> <span class='ocrx_word' id='word_1_275' title='bbox 750 2933 874 3007; x_wconf 82' lang='lat' dir='ltr'><strong>Biana,</strong></span> <span class='ocrx_word' id='word_1_276' title='bbox 901 2932 981 3011; x_wconf 81' lang='lat' dir='ltr'><strong>qudd</strong></span> <span class='ocrx_word' id='word_1_277' title='bbox 1009 2952 1063 3012; x_wconf 86' lang='lat' dir='ltr'><strong>per</strong></span> <span class='ocrx_word' id='word_1_278' title='bbox 1084 2936 1147 2995; x_wconf 88' lang='lat' dir='ltr'><strong>illas</strong></span> 
     </span>
     <span class='ocr_line' id='line_1_35' title="bbox 136 3017 1147 3096; baseline 0.004 -21"><span class='ocrx_word' id='word_1_279' title='bbox 136 3017 262 3086; x_wconf 84' lang='lat' dir='ltr'><strong>bullas,</strong></span> <span class='ocrx_word' id='word_1_280' title='bbox 278 3017 310 3075; x_wconf 92' lang='lat' dir='ltr'><strong>in</strong></span> <span class='ocrx_word' id='word_1_281' title='bbox 321 3018 430 3093; x_wconf 88' lang='lat' dir='ltr'><strong>quibus</strong></span> <span class='ocrx_word' id='word_1_282' title='bbox 441 3028 520 3078; x_wconf 84' lang='lat' dir='ltr'><strong>extat</strong></span> <span class='ocrx_word' id='word_1_283' title='bbox 532 3020 627 3096; x_wconf 90' lang='lat' dir='ltr'><strong>aliqua</strong></span> <span class='ocrx_word' id='word_1_284' title='bbox 641 3020 768 3078; x_wconf 88' lang='lat' dir='ltr'><strong>clausula</strong></span> <span class='ocrx_word' id='word_1_285' title='bbox 779 3018 979 3096; x_wconf 77' lang='lat' dir='ltr'><strong>derogatoria,</strong></span> <span class='ocrx_word' id='word_1_286' title='bbox 996 3029 1027 3078; x_wconf 90' lang='lat' dir='ltr'><strong>ut</strong></span> <span class='ocrx_word' id='word_1_287' title='bbox 1043 3027 1086 3079; x_wconf 80' lang='lat' dir='ltr'><strong>ast</strong></span> <span class='ocrx_word' id='word_1_288' title='bbox 1097 3020 1147 3080; x_wconf 87' lang='lat' dir='ltr'><strong>illa</strong></span> 
     </span>
     <span class='ocr_line' id='line_1_36' title="bbox 137 3097 1145 3180; baseline 0.003 -21"><span class='ocrx_word' id='word_1_289' title='bbox 137 3097 208 3159; x_wconf 82' lang='lat' dir='ltr'><strong>nisi</strong></span> <span class='ocrx_word' id='word_1_290' title='bbox 223 3100 257 3157; x_wconf 84' lang='lat' dir='ltr'><strong>ia</strong></span> <span class='ocrx_word' id='word_1_291' title='bbox 273 3103 377 3162; x_wconf 76' lang='lat' dir='ltr'><strong>astartis</strong></span> <span class='ocrx_word' id='word_1_292' title='bbox 393 3099 519 3162; x_wconf 81' lang='lat' dir='ltr'><strong>articulo</strong></span> <span class='ocrx_word' id='word_1_293' title='bbox 527 3147 538 3178; x_wconf 97' lang='lat'><strong>,</strong></span> <span class='ocrx_word' id='word_1_294' title='bbox 551 3103 725 3180; x_wconf 78' lang='lat' dir='ltr'><strong>intelligitur</strong></span> <span class='ocrx_word' id='word_1_295' title='bbox 746 3103 840 3163; x_wconf 84' lang='lat' dir='ltr'><strong>ablata</strong></span> <span class='ocrx_word' id='word_1_296' title='bbox 856 3102 1002 3180; x_wconf 83' lang='lat' dir='ltr'><strong>Episcopi&#39;s</strong></span> <span class='ocrx_word' id='word_1_297' title='bbox 1016 3103 1145 3164; x_wconf 86' lang='lat' dir='ltr'><strong>facultas.</strong></span> 
     </span>
     <span class='ocr_line' id='line_1_37' title="bbox 144 3178 655 3244; baseline 0 -1"><span class='ocrx_word' id='word_1_298' title='bbox 144 3179 225 3243; x_wconf 76' lang='lat' dir='ltr'><strong>Vide</strong></span> <span class='ocrx_word' id='word_1_299' title='bbox 235 3178 288 3242; x_wconf 82' lang='lat' dir='ltr'><strong>lib.</strong></span> <span class='ocrx_word' id='word_1_300' title='bbox 299 3184 329 3243; x_wconf 91' lang='grc'><strong>6.</strong></span> <span class='ocrx_word' id='word_1_301' title='bbox 341 3203 373 3243; x_wconf 85' lang='grc' dir='ltr'><strong>ιι.</strong></span> <span class='ocrx_word' id='word_1_302' title='bbox 386 3187 455 3244; x_wconf 77' lang='lat' dir='ltr'><strong>tot.</strong></span> <span class='ocrx_word' id='word_1_303' title='bbox 652 3196 655 3201; x_wconf 80' lang='grc'><strong><em>’</em></strong></span> 
     </span>
    </p>

    <p class='ocr_par' dir='ltr' id='par_1_4' title="bbox 139 3264 1182 3600">
     <span class='ocr_line' id='line_1_38' title="bbox 183 3264 1182 3348; baseline -0.003 -24"><span class='ocrx_word' id='word_1_304' title='bbox 183 3264 287 3324; x_wconf 76' lang='lat'><strong>57.-</strong></span> <span class='ocrx_word' id='word_1_305' title='bbox 307 3267 468 3328; x_wconf 81' lang='lat' dir='ltr'><strong>Dubitotur</strong></span> <span class='ocrx_word' id='word_1_306' title='bbox 485 3272 516 3329; x_wconf 78' lang='grc'><strong>1.</strong></span> <span class='ocrx_word' id='word_1_307' title='bbox 540 3267 646 3330; x_wconf 79' lang='lat' dir='ltr'><strong>Utrum</strong></span> <span class='ocrx_word' id='word_1_308' title='bbox 665 3270 823 3347; x_wconf 84' lang='lat' dir='ltr'><strong>Episcopus</strong></span> <span class='ocrx_word' id='word_1_309' title='bbox 845 3267 946 3348; x_wconf 77' lang='lat' dir='ltr'><strong>vigore</strong></span> <span class='ocrx_word' id='word_1_310' title='bbox 965 3287 1029 3346; x_wconf 85' lang='lat' dir='ltr'><strong>cap.</strong></span> <span class='ocrx_word' id='word_1_311' title='bbox 1050 3267 1150 3326; x_wconf 82' lang='lat' dir='ltr'><strong>Liceat</strong></span> <span class='ocrx_word' id='word_1_312' title='bbox 1178 3274 1182 3283; x_wconf 85' lang='lat'><strong>·</strong></span> 
     </span>
     <span class='ocr_line' id='line_1_39' title="bbox 139 3347 1149 3430; baseline -0.002 -24"><span class='ocrx_word' id='word_1_313' title='bbox 139 3350 240 3427; x_wconf 82' lang='lat' dir='ltr'><strong>possit</strong></span> <span class='ocrx_word' id='word_1_314' title='bbox 263 3347 414 3409; x_wconf 74' lang='lat' dir='ltr'><strong>absolvere</strong></span> <span class='ocrx_word' id='word_1_315' title='bbox 441 3352 479 3411; x_wconf 85' lang='lat' dir='ltr'><strong>ab</strong></span> <span class='ocrx_word' id='word_1_316' title='bbox 514 3355 812 3414; x_wconf 83' lang='lat' dir='ltr'><strong>excommunicatione</strong></span> <span class='ocrx_word' id='word_1_317' title='bbox 835 3350 953 3430; x_wconf 80' lang='lat' dir='ltr'><strong>papali,</strong></span> <span class='ocrx_word' id='word_1_318' title='bbox 982 3367 1069 3426; x_wconf 85' lang='lat' dir='ltr'><strong>quam</strong></span> <span class='ocrx_word' id='word_1_319' title='bbox 1095 3362 1149 3419; x_wconf 82' lang='lat' dir='ltr'><strong>pec</strong></span> 
     </span>
     <span class='ocr_line' id='line_1_40' title="bbox 139 3430 1150 3508; baseline -0.001 -19"><span class='ocrx_word' id='word_1_320' title='bbox 139 3430 397 3491; x_wconf 66' lang='grc'><strong>1661166881).</strong></span> <span class='ocrx_word' id='word_1_321' title='bbox 421 3433 571 3496; x_wconf 81' lang='lat' dir='ltr'><strong>Benedicti</strong></span> <span class='ocrx_word' id='word_1_322' title='bbox 593 3438 643 3498; x_wconf 85' lang='lat' dir='ltr'><strong>XI</strong></span> <span class='ocrx_word' id='word_1_323' title='bbox 648 3438 691 3508; x_wconf 84' lang='lat' dir='ltr'><strong>V,</strong></span> <span class='ocrx_word' id='word_1_324' title='bbox 719 3440 959 3503; x_wconf 83' lang='lat' dir='ltr'><strong>Sacramentum,</strong></span> <span class='ocrx_word' id='word_1_325' title='bbox 992 3432 1150 3488; x_wconf 78' lang='lat' dir='ltr'><strong>incurrunt</strong></span> 
     </span>
     <span class='ocr_line' id='line_1_41' title="bbox 141 3509 1152 3600; baseline -0.008 -27"><span class='ocrx_word' id='word_1_326' title='bbox 141 3511 321 3575; x_wconf 85' lang='lat' dir='ltr'><strong>confessarii</strong></span> <span class='ocrx_word' id='word_1_327' title='bbox 340 3515 522 3581; x_wconf 80' lang='lat' dir='ltr'><strong>absolventes</strong></span> <span class='ocrx_word' id='word_1_328' title='bbox 545 3538 612 3582; x_wconf 87' lang='lat' dir='ltr'><strong>suos</strong></span> <span class='ocrx_word' id='word_1_329' title='bbox 628 3521 784 3600; x_wconf 83' lang='lat' dir='ltr'><strong>complices</strong></span> <span class='ocrx_word' id='word_1_330' title='bbox 801 3521 833 3578; x_wconf 90' lang='lat' dir='ltr'><strong>iu</strong></span> <span class='ocrx_word' id='word_1_331' title='bbox 849 3524 964 3594; x_wconf 87' lang='lat' dir='ltr'><strong>peceato</strong></span> <span class='ocrx_word' id='word_1_332' title='bbox 982 3509 1085 3584; x_wconf 82' lang='lat' dir='ltr'><strong>turpi?</strong></span> <span class='ocrx_word' id='word_1_333' title='bbox 1108 3510 1152 3568; x_wconf 75' lang='lat' dir='ltr'><strong>Ex</strong></span> 
     </span>
    </p>
   </div>
   <div class='ocr_carea' id='block_1_3' title="bbox 0 0 1339 4150">
    <p class='ocr_par' dir='ltr' id='par_1_5' title="bbox 0 0 1339 4150">
     <span class='ocr_line' id='line_1_42' title="bbox 0 0 1339 4150; baseline 0 0"><span class='ocrx_word' id='word_1_334' title='bbox 0 0 1339 4150; x_wconf 95' lang='lat' dir='ltr'><strong> </strong></span> 
     </span>
    </p>
   </div>
  </div>
 </body>
</html>
