2642 4150
187 178 228 238 st
389 174 436 235 De
447 187 637 236 rauracorum
653 169 771 250 Paulis.
785 168 920 247 decretis,
935 178 988 232 ete.

190 276 274 337 tione
289 273 473 353 Apostolicd,
491 274 539 334 vel
555 273 658 351 qudvis
676 272 819 332 firmitate
833 271 890 330 alit
903 271 1051 333 roboratis
1058 277 1192 353 statutis,

190 359 282 430 stilis,
297 357 417 429 usibus,
433 365 464 417 et
478 355 759 432 consuetudinibus3
774 354 934 433 privilegiis
944 373 1081 435 quoque,
1094 359 1197 419 indul·

190 442 246 513 tis,
262 449 293 501 ot
302 440 420 501 Litteris
431 440 596 518 apostolicis
608 438 705 499 eidem
716 438 920 516 inquisitionis
927 439 1041 512 allicio,
1054 441 1196 521 ssliusque

190 523 432 604 inquisitoribus,
446 524 653 584 commissoriis
663 566 673 595 ,
682 522 808 600 aliisque
820 521 991 583 officialibus
1001 567 1010 595 ,
1022 522 1087 585 tiam
1104 526 1195 585 etiam

192 608 344 680 Ecclesiis‚
362 624 525 684 corumque
538 607 687 678 praelatis,
711 606 885 677 ordinibus,
898 608 1195 687 congregationibus,

192 691 355 759 institutis,
376 690 579 762 societatibus,
600 690 781 767 illorumque
794 689 1018 767 superioribus,
1040 701 1070 752 ct
1095 710 1198 772 perso·

194 776 240 834 nis
252 774 451 852 quibuslibet,
466 774 521 835 sub
538 774 864 852 quibusvisverburum
881 774 1033 834 tenoribus
1043 777 1196 850 euformis,

193 867 225 918 ct
239 877 306 918 cunr
319 859 554 937 quibuscumque
570 860 659 919 ctiam
676 857 880 917 efficacissimis
895 865 926 916 et
938 858 1062 919 insolitis
1078 858 1199 939 deroga·

196 943 349 1019 tionibus,
360 942 497 1002 clausulis
510 985 518 1014 ‚
532 948 619 1019 utaque
643 940 787 1014 decretis,
803 940 892 1000 etiam
908 950 1008 1012 motu,
1030 950 1060 1002 et
1079 954 1199 1022 aposto·

196 1027 258 1088 licm
275 1026 425 1104 potestatis
441 1026 628 1104 plenitudine
643 1026 810 1096 similibus,
830 1042 882 1084 seu
893 1025 930 1085 ad
942 1044 1198 1105 quarumcumque

196 1127 389 1191 personarum
400 1112 506 1180 ‚etiam
517 1111 616 1188 regit,
633 1111 725 1171 aliave
735 1109 867 1187 qualibet
876 1109 1025 1170 mundant
1037 1154 1045 1182 ,
1059 1112 1201 1173 ucleccle

196 1195 310 1264 siastied
323 1200 466 1272 potestate
480 1193 655 1272 fulgentium
673 1194 861 1261 instantiam,
879 1193 928 1254 vel
946 1192 1016 1251 alias
1035 1196 1202 1270 quomodo·
1295 1203 1296 1264 ,

197 1278 270 1339 libet
286 1278 319 1340 in
333 1277 514 1340 contrarium
526 1279 745 1357 praemissorum
758 1277 923 1349 concessis,
944 1276 1146 1352 confirmatis,
1171 1288 1203 1339 et

200 1363 362 1423 innovatis.

237 1448 351 1522 Quibus
371 1448 533 1521 omnibus,
555 1456 586 1508 et
598 1447 743 1526 singulis,
766 1448 880 1508 etiamsi
896 1466 951 1527 pro
978 1448 1099 1509 illorum
1121 1449 1205 1509 sulli-

199 1534 294 1595 ciente
315 1532 522 1609 derogatione,
536 1531 574 1592 de
593 1531 671 1603 illis,
694 1550 857 1610 eorumque
874 1534 945 1594 totis
964 1533 1116 1593 tenoribus
1138 1552 1206 1612 spe-

200 1618 280 1680 cialis
296 1627 326 1678 et
339 1617 507 1691 individua,
523 1634 557 1676 ac
568 1614 605 1676 de
618 1617 710 1676 verbo
731 1615 928 1687 adverbum,
951 1635 1013 1677 non
1033 1625 1133 1677 autem
1151 1636 1206 1695 per

201 1701 343 1764 clausulas
360 1699 510 1778 generales
529 1700 609 1760 idem
628 1700 838 1777 importantes,
867 1700 1002 1772 mentio,
1023 1717 1075 1758 seu
1094 1701 1208 1777 quaevis

201 1786 257 1849 alia
279 1785 424 1861 expressio
439 1783 591 1859 habenda,
612 1792 664 1843 aut
676 1784 731 1843 alia
751 1785 900 1863 exquisito
915 1785 1008 1845 forma
1021 1782 1058 1843 ad
1071 1782 1128 1844 boc
1144 1802 1209 1844 ser·

202 1868 296 1930 vando
310 1869 404 1939 toret,
426 1876 542 1929 tenores
555 1866 709 1946 praedictos
720 1886 773 1945 pro
784 1868 963 1936 sufficienter
976 1876 1005 1927 et
1016 1867 1053 1927 de
1063 1868 1209 1931 verboad

203 1952 327 2015 verbum
345 1952 526 2030 expressiset
542 1951 680 2022 insertis,
698 1952 863 2030 formasque
873 1950 1044 2029 hujusmodi
1055 1968 1109 2028 pro
1120 1952 1210 2029 plene
1295 1981 1296 2036 p

203 2048 233 2103 et
258 2035 356 2099 cxoctd
381 2037 540 2099 observatis
567 2034 732 2106 habentes,
751 2037 788 2096 ad
810 2039 1030 2116 praemissorum
1050 2035 1210 2104 ellectum,
1295 2039 1296 2044 ’

203 2123 257 2184 hle
270 2123 334 2183 vice
344 2121 497 2183 dumtaxat
506 2120 670 2197 specialiter
683 2129 713 2180 et
724 2119 859 2199 expresse
868 2122 1051 2197 derogamus.
1064 2121 1211 2179 Volumus

204 2216 321 2274 antem,
342 2215 375 2265 ut
389 2203 561 2265 earumdem
574 2206 764 2281 praesentium
778 2204 971 2281 transumptis
984 2214 1038 2262 etc.
1054 2205 1163 2262 Datum
1179 2204 1211 2262 in

204 2287 453 2365 ArceGandulphi
478 2287 651 2348 bibonensis
668 2286 800 2349 diaecesis
818 2306 896 2348 anno
912 2285 1124 2347 iucarnationis
1150 2289 1212 2344 Do·

206 2368 1211 2450 minieoemillesimoseptingentesimoquadragesimosexto,quarto

207 2472 299 2518 nonas
310 2454 392 2516 lunii
405 2497 414 2529 ,
428 2455 617 2518 Pontificattls
628 2456 723 2517 nostri
736 2474 813 2516 anno
827 2465 920 2516 sexto.
953 2487 955 2491 ·

583 2609 782 2670 btoasrutt
797 2612 835 2670 V.

487 2759 488 2762 ¹
506 2733 601 2817 Super
617 2735 755 2798 oratoriis
771 2734 909 2816 privetis.

246 2888 320 2949 Cum
338 2887 398 2948 duo
413 2884 527 2947 noniies
549 2885 687 2966 conjuges
703 2886 835 2947 dioecesis
849 2887 1001 2947 blarsiccn.
1015 2886 1214 2948 obtinuissent

208 2971 225 3031 b
237 2972 311 3031 Sede
324 2971 479 3049 apostoliea
497 2969 650 3031 indultum
664 2989 718 3049 pro
735 2971 930 3031 celebratione
942 2973 1038 3031 missa
1053 2971 1085 3030 in
1098 2973 1214 3048 privato
1295 2982 1296 3007 ¹

208 3072 268 3114 sum
284 3053 390 3113 domus
407 3054 535 3115 oratorio
555 3055 596 3114 sic
612 3063 806 3132 conceptum:
826 3080 840 3108 ιι
853 3057 964 3115 Dilecto
977 3054 1037 3126 fili,
1052 3063 1083 3113 et
1107 3054 1214 3113 dilecta

210 3161 223 3190 ιι
247 3138 279 3196 in
297 3136 412 3199 Christo
438 3137 499 3197 filia
525 3140 671 3211 salutem,
693 3146 722 3197 et
746 3139 935 3217 apostolieum
961 3138 1212 3211 benedictionem.
1295 3172 1296 3199 ι

210 3223 399 3300 »spirituali
424 3223 616 3284 consolationi
648 3232 782 3296 vestrae,
808 3222 952 3301 quantiam
981 3242 1048 3284 cum
1083 3223 1214 3282 Domino
1295 3228 1296 3259 ¹

210 3332 224 3361 ιι
249 3324 424 3386 possumus,
447 3307 572 3388 benigne
594 3310 766 3380 consulere,
782 3325 893 3386 vosque
911 3306 1115 3386 spiritualibus
1133 3308 1215 3366 savo·

210 3416 224 3446 ιι
248 3391 330 3452 ribus
341 3435 350 3464 ,
363 3401 393 3452 ct
411 3392 513 3471 gratiis
533 3393 673 3470 prosequi
692 3393 841 3465 volentes,
855 3402 886 3453 et
908 3391 1040 3452 vestrdm
1052 3391 1216 3469 singulares

211 3499 226 3527 ιι
250 3475 418 3555 personasb
434 3475 586 3553 quibusvis
605 3477 934 3548 excommunicationis,
952 3475 1172 3555 suspensionis,
1185 3483 1216 3535 ct

211 3581 227 3609 ιι
249 3559 412 3634 interdicti,
439 3559 564 3637 aliisque
591 3560 790 3621 ecclesiasticis
815 3561 987 3634 sententiis,
1011 3559 1163 3634 censuris,
1184 3566 1215 3617 ct
