2642 4150
192 230 251 300 tle
385 236 430 299 De
448 253 637 300 rottroaoruur
654 233 769 315 Pontii.
782 230 917 305 decretis,
933 238 985 294 etc.

231 332 299 400 llaec
323 331 423 401 mmen
443 338 607 401 recolenda
630 337 783 399 memoriae
803 333 960 397 Benedicta
976 338 1027 398 XI
1032 339 1067 399 l'.
1091 339 1196 406 itidem

193 425 400 504 praedecessori
424 434 525 486 nostro
549 423 618 484 satis
642 440 705 483 non
727 422 859 481 fuerant.
881 420 1092 484 Percrebuerat
1115 430 1198 490 enim

191 510 378 572 sermonibus
388 510 604 591 permultorum
618 552 626 579 ,
640 508 729 567 latam
742 507 774 566 in
786 502 942 566 clementie
958 506 1072 569 dudum
1084 515 1195 575 mortui

191 587 297 654 litteris
308 594 615 654 excommunicationis
625 609 742 671 poenam
753 589 816 667 jein
828 590 998 662 evanuisse,
1010 593 1092 671 qubd
1101 599 1197 658 Bene·

190 675 286 740 dictus
306 696 355 738 eas
378 680 489 739 litteras
515 676 625 738 diserte
649 695 711 737 non
738 674 948 736 confirmasset.
972 679 1041 737 Erat
1065 683 1198 758 proteat

191 762 373 836 absurdum,
395 764 595 833 contendere,
612 762 801 841 superiorum
819 761 995 821 Pontificum
1015 763 1093 842 leges
1111 768 1198 829 obsa-

192 847 318 919 lescere,
335 849 390 908 nisi
411 850 427 908 b
448 847 663 909 successoribus
682 844 818 925 expresse
837 846 1060 924 approbentur:
1075 860 1106 910 et
1122 870 1197 930 prar-
1231 885 1236 890 -

191 938 270 992 terea
291 932 445 994 manifeste
466 934 605 1012 potebat,
625 928 813 992 bBenedicto
832 928 937 1007 sepius
956 927 1111 995 Clementis
1126 955 1197 998 eon·

190 1017 374 1078 stitutionem
388 1028 481 1078 ratam
500 1016 631 1077 habitam
650 1016 750 1076 fuisse.
765 1015 902 1073 Attamen
916 1013 992 1075 hanc
1006 1018 1095 1077 ctiam
1107 1023 1198 1081 caril-

152 1109 156 1126 ¹
190 1101 330 1161 lationem
356 1102 394 1163 de
417 1101 608 1162 sectariorum
632 1099 771 1159 manibus
794 1098 1027 1177 extorquendam
1052 1100 1197 1177 judicavit

190 1184 382 1258 Benedictus,
405 1188 483 1247 edita
506 1203 582 1246 nora
604 1185 830 1254 constitutione,
852 1181 936 1259 cujus
957 1184 1077 1245 initium
1091 1189 1196 1250 Proci-

189 1266 263 1342 ctaa,
285 1271 505 1349 decimoquinto
528 1269 663 1331 calendas
683 1267 785 1348 aprilis
807 1284 885 1327 anno
905 1268 1062 1330 millesimo
1086 1276 1197 1349 septin-

190 1350 1196 1437 gentcsimoquinquagesimoprimaqueGtemcrrtbconstituticnem

191 1439 314 1500 totidem
328 1442 425 1501 verbis
437 1442 560 1501 relatam
578 1442 608 1500 iu
624 1441 717 1500 torma
733 1441 780 1518 (ut
790 1437 886 1516 ajunt)
899 1437 1030 1515 specifica
1042 1483 1050 1510 ,
1060 1459 1127 1520 quaa
1138 1461 1197 1504 ona

190 1528 275 1586 nium
295 1528 474 1605 amplissima
492 1536 523 1587 et
539 1525 735 1587 efficacissima
751 1523 894 1597 habetur,
909 1524 1107 1588 confirmavit.
1118 1529 1197 1590 Talis

190 1610 261 1672 verb
281 1620 324 1672 est
341 1611 494 1675 Benedicti
510 1611 703 1671 constitutio:

214 1801 432 1879 Benedictus
448 1801 650 1904 Episcopus
673 1801 807 1878 Servus
826 1801 1023 1877 Servorum
1040 1803 1107 1880 Dei
1126 1807 1172 1882 ad

420 1917 632 2009 perpetuam
654 1907 708 1984 rei
729 1907 955 1982 memoriam.

226 2122 755 2189 vaidasRomanorumPorrtlllcum
767 2122 1012 2201 predecessorum
1024 2136 1196 2192 nostrorum

188 2214 264 2290 leges
287 2220 375 2288 atque
395 2208 577 2277 sanctiones,
598 2226 659 2267 non
680 2206 776 2267 sabim
790 2225 838 2267 eus
855 2227 982 2286 quarum
1002 2210 1134 2286 rigorem
1147 2216 1195 2274 vel

187 2298 356 2372 temporum
379 2293 461 2369 lapsu
482 2286 529 2352 rel
550 2288 707 2351 hominum
731 2294 864 2370 neglectu
888 2293 1053 2353 labefactari
1070 2306 1122 2356 aut
1144 2316 1195 2357 ex-

187 2380 281 2457 tingui
305 2397 388 2458 posse
409 2394 566 2452 veremur,
590 2377 711 2438 sedeas
734 2382 824 2438 elium
848 2397 914 2455 quae
935 2388 1081 2439 recentem
1107 2384 1193 2456 vim,

166 2465 367 2542 ,plenumque
387 2462 524 2522 obtinent
545 2462 653 2535 robur,
669 2462 757 2539 justis
777 2463 975 2540 gravibusque
996 2462 1027 2522 id
1047 2466 1194 2542 exigenti-

186 2549 240 2609 bus
262 2547 376 2618 causis,
393 2564 472 2605 novo
493 2547 676 2606 auctoritatis
696 2556 805 2607 nostrae
823 2547 989 2627 munimine
1010 2547 1193 2610 roborandas

185 2632 460 2709 confirmandosque
478 2648 641 2692 censemus.
1120 2672 1124 2681 -

224 2716 298 2778 Sane
311 2717 403 2776 iclicis
417 2717 628 2777 reeordationis
640 2717 836 2795 predecessor
851 2720 953 2778 noster
964 2714 1096 2779 Chorene
1110 2721 1188 2799 Papa

184 2804 252 2863 Xll.
274 2818 327 2878 per
348 2818 413 2858 suas
434 2803 606 2879 apostolicas
625 2801 738 2861 litteras
758 2820 836 2862 anno
858 2802 1069 2863 incarnationis
1089 2805 1194 2867 Domi·

185 2887 258 2945 nicae
286 2884 443 2944 millesimo
470 2882 731 2962 septingentesimo
755 2889 905 2965 engesimo
931 2896 1056 2965 octavo,
1084 2898 1194 2967 quarto

184 2968 320 3028 colendas
338 2967 446 3044 majas,
467 2969 654 3046 pontificatus
673 2973 718 3031 sui
739 2990 816 3032 anno
838 2980 940 3032 octavo
959 2972 1058 3046 clatos,
1072 2981 1105 3034 et
1123 2977 1195 3035 uni·

183 3056 275 3114 versis
298 3053 405 3112 Christi
432 3052 568 3114 fidelibus
593 3055 767 3134 inscriptas,
791 3074 916 3135 quarum
942 3057 1062 3118 initium
1085 3067 1131 3120 est
1151 3065 1194 3122 lot

183 3136 343 3210 accinerati,
358 3139 515 3198 nonnullas
528 3140 694 3213 societates,
710 3152 822 3214 coetus,
848 3150 1026 3214 conventus,
1043 3144 1195 3208 collectio-

184 3243 251 3297 nes,
273 3224 495 3296 conventieula,
509 3242 559 3284 seu
576 3227 793 3305 aggregationes
811 3226 902 3303 vulgo
920 3225 963 3286 de’
974 3223 1067 3287 ‘tiberi
1086 3246 1195 3289 matre

185 3311 242 3371 tori
251 3354 259 3380 ,
276 3324 326 3368 seu
348 3306 398 3369 des
416 3306 654 3388 france-macone
667 3355 675 3382 ,
689 3313 736 3370 rel
757 3311 844 3371 aliter
861 3320 1044 3388 nuncupatas
1066 3313 1099 3371 iu
1123 3315 1195 3391 qui·

183 3393 306 3454 busdam
325 3393 495 3470 regionibus
513 3404 583 3455 tunc
604 3394 662 3456 late
683 3394 802 3454 diffusas
825 3403 913 3473 atque
934 3396 966 3454 in
990 3396 1053 3455 dies
1075 3397 1195 3459 invale-

183 3468 314 3546 scentes,
331 3478 474 3556 perpetnb
488 3477 637 3538 damnarit
648 3488 737 3556 atque
750 3479 905 3557 prohibuit
916 3523 925 3552 ‚
937 3481 1112 3558 precipiens
1124 3500 1194 3542 om-

184 3562 269 3619 nibus
279 3570 308 3621 et
318 3558 440 3635 singulis
448 3560 554 3623 Christi
567 3562 703 3623 ildelibus
713 3563 769 3623 sub
780 3582 864 3642 poena
876 3565 1195 3629 excommunicationis

184 3643 246 3719 ipso
266 3644 340 3706 iacto
363 3646 472 3725 absque
492 3647 551 3708 ulla
570 3645 767 3711 declaratione
779 3648 975 3726 incurrendo,
992 3646 1081 3726 iqua
1098 3668 1191 3714 nemo
