2642 4150
174 224 236 289 4.0
565 218 660 281 mles
672 220 790 282 44444444.

210 330 338 399 7444444,
356 324 426 387 vide
443 325 561 387 44444444.

209 412 334 481 7444444
353 419 383 472 44
403 413 545 490 Torpent.
562 409 670 469 Tactus
694 406 792 486 turpis
813 410 929 489 proprii
952 414 1095 493 eorporis.
1112 416 1134 479 4.
1149 422 1182 482 t.

168 495 284 555 4..40
301 495 409 555 Tactus
429 493 518 554 alieni
541 493 672 570 corporis
693 500 724 552 et
743 490 915 553 brutorum.
935 514 967 555 44.
989 498 1060 559 440.
1073 502 1185 564 Mulier·

168 579 343 657 permittens
357 597 388 639 se
407 578 498 655 444444.
515 597 547 637 44.
563 577 777 636 4404444444
795 580 1181 648 4444444441444444744444

167 680 197 723 4.
214 664 331 723 44444444.
347 665 454 724 Tactus
478 662 557 721 inter
580 658 735 739 conjuges.
753 678 784 718 44.
800 661 870 719 444.
892 660 982 740 (Vide
997 666 1131 729 44444444.
1149 673 1181 731 6.

167 764 199 806 44.
214 747 413 825 0444744444
434 747 513 806 inter
531 761 665 824 sponsos.
685 739 707 803 4.
726 745 797 804 444
800 745 891 805 ..444
905 746 1076 823 (44444444.
1094 755 1123 813 6.
1143 773 1179 814 44.

166 832 234 893 stt.
239 830 248 907 4
262 832 369 892 Tactus
387 831 528 910 impudici
544 850 583 890 44
602 829 744 889 inducant
764 827 965 892 4444444444.
979 835 1011 894 4.
1024 853 1056 896 44.
1068 840 1135 899 tut.
1148 848 1183 899 et

167 935 199 977 44.
214 917 283 977 tou.
299 916 407 977 Tactus
428 914 602 994 impudici
593 931 624 973 tn
641 914 778 974 Ecclesia.
792 932 825 974 44.
842 916 911 974 tes.
925 917 981 977 Vir
999 928 1178 998 extorquens

167 1008 259 1060 tactus
279 1020 317 1061 nn
336 1009 473 1062 teneatur
493 1000 624 1060 ducere?
637 1016 669 1057 44.
689 998 760 1058 ott.
780 1000 888 1060 Tactus
910 1001 1180 1068 instrumentorum

170 1101 210 1145 an
234 1086 408 1164 requiratur·
427 1087 459 1145 in
477 1080 719 1145 ordinationcti.
739 1084 770 1143 6.
789 1100 822 1142 44.
841 1084 910 1143 744.
929 1090 975 1145 An
993 1087 1099 1149 debeat
1119 1108 1184 1151 esso

166 1167 330 1249 physicus?
344 1188 376 1231 44.
389 1172 458 1233 744.
472 1172 518 1230 dn
535 1167 711 1229 lieentlaicis
732 1177 853 1244 tangere
865 1185 931 1254 vasa
949 1185 1052 1243 sacra,
1065 1183 1183 1245 vestes,

166 1263 198 1315 et
215 1257 404 1334 corporalia?
415 1274 449 1315 44.
464 1255 534 1316 484.
548 1253 655 1314 Tactus
670 1262 700 1314 et
713 1253 810 1314 osculo
829 1237 908 1313 inter
927 1270 1046 1331 sponsos
1056 1273 1094 1316 au
1109 1259 1185 1317 lice

166 1343 245 1399 snt?
258 1359 290 1400 44.
304 1341 374 1402 stt.
390 1343 436 1402 An
449 1347 543 1400 tectus
563 1347 665 1415 turpes
686 1334 978 1415 interconjugcsiu.
988 1338 1183 1403 0444444044.

168 1422 286 1502 conjux
309 1427 437 1506 turpiter
458 1434 580 1503 tangens
599 1423 739 1500 seipsum.
753 1440 785 1482 44.
798 1422 867 1483 046.

209 1509 376 1572 Taurorum
393 1510 573 1590 agitationes.
590 1504 611 1568 4.
628 1508 659 1567 4.
671 1526 702 1567 44.
718 1508 787 1568 sot.
902 1539 904 1546 ·

211 1596 324 1656 Touo
315 1615 346 1658 tn
365 1595 536 1657 venditione
554 1611 592 1654 an
610 1592 749 1673 obliget
740 1610 772 1654 rn
785 1592 1047 1657 conscientium.
1060 1612 1093 1655 44.
1108 1595 1182 1657 804.

169 1678 247 1738 Tnxa
267 1680 407 1759 stipendii
427 1698 482 1759 pro
498 1680 597 1740 missa.
611 1675 634 1738 4.
647 1680 678 1739 6
690 1697 724 1737 44.
738 1678 807 1739 448.
821 1685 852 1738 44
866 1695 926 1758 seq.
945 1679 1022 1739 Texa
1037 1673 1182 1741 beneficii

168 1763 246 1823 eirca
264 1764 494 1825 ordinationem.
509 1783 541 1824 44.
557 1763 626 1825 stt.
640 1763 712 1823 Not.
728 1763 759 1823 4.

209 1851 335 1930 Tempus
351 1849 499 1911 4444444444.
521 1845 543 1909 4.
566 1850 596 1909 5.
610 1865 642 1907 44.
659 1848 727 1908 474.
739 1848 870 1927 Tempus
890 1848 1102 1928 testiincoepti.
1114 1845 1179 1910 tt.

168 1953 201 1994 44.
214 1935 285 1995 467.
300 1935 430 2014 Tempus
451 1933 648 1995 restitutionis
665 1932 815 1993 faciendo.
829 1953 862 1994 n.
875 1935 942 1994 676.
958 1933 1095 1993 44444444
1108 1950 1181 1994 cum

168 2017 349 2097 obligatione
369 2018 540 2100 expectandi
556 2036 608 2098 per
624 2018 746 2097 longum
759 2027 886 2097 tempus.
902 2036 935 2080 44.
947 2018 1015 2080 too.
1030 2017 1180 2094 0444444444

167 2103 311 2164 recitanda
325 2102 474 2176 tnehoro
488 2114 639 2181 tempore,
651 2102 756 2163 ordine
767 2102 877 2164 debito
889 2101 912 2163 4.
927 2106 996 2164 .4..44
1009 2104 1077 2162 474.
1088 2104 1182 2162 Tenu-

168 2205 224 2267 pus
243 2189 386 2249 recitandi
407 2192 510 2249 Horas.
527 2207 560 2249 44.
574 2190 641 2250 474.
656 2189 758 2249 Causae
770 2186 949 2268 anticipandi
964 2197 1081 2266 tempus
1097 2187 1179 2246 reci·

167 2273 299 2332 tationis
314 2290 346 2336 44.
360 2275 429 2334 474.
444 2261 614 2351 dntieipans
636 2282 754 2350 tempus
775 2274 903 2351 prandii.
917 2270 938 2333 4.
953 2273 983 2332 4.
997 2291 1028 2332 44.
1045 2274 1134 2332 4046
1147 2291 1178 2332 4

167 2355 328 2432 (4444444444.
337 2358 467 2436 Tempus
478 2356 515 2417 ud
526 2355 787 2434 prescribendum
799 2355 1074 2438 4444Ρ444444444444.
1086 2357 1181 2415 Tem·

164 2455 222 2521 pus
235 2438 474 2502 ordinationum
488 2438 511 2501 4.
524 2444 555 2501 6.
572 2460 605 2501 u.
619 2441 688 2501 704.
702 2440 732 2500 Si
751 2441 879 2501 elabitur
898 2448 1016 2520 tempus
1032 2439 1181 2518 sponsali-

167 2526 224 2587 bus
245 2526 400 2607 prefixum
417 2546 456 2588 en
467 2528 644 2588 solvantur?
659 2546 692 2587 44.
707 2526 775 2588 807.
791 2527 855 2600 Quo
870 2535 1003 2602 tempore
1008 2531 1060 2584 'est
1073 2524 1181 2583 illinita
1304 2554 1305 2557 ¹

166 2610 270 2689 copule
292 2611 474 2711 conjugalis,
489 2612 557 2672 vide
576 2611 724 2679 Debitum.
742 2614 871 2688 Tempus
892 2604 1153 2688 impendendum'
1144 2627 1181 2667 tn

166 2695 362 2758 celebratione
381 2698 486 2757 missae.
506 2716 539 2756 44
558 2697 625 2756 400.
641 2699 790 2773 Tempore
812 2696 955 2755 seriarum
977 2692 1181 2771 prohibentur

165 2780 363 2844 solemnitates
373 2826 381 2851 ‚
391 2783 573 2851 benedictio,
586 2791 639 2841 ete.
654 2782 685 2842 in
698 2780 900 2841 matrimonio.
909 2797 941 2839 44.
953 2780 1020 2842 084.
1031 2780 1078 2840 An
1088 2777 1197 2843 lieeut-
1303 2798 1304 2839 1

166 2870 239 2924 tuno
260 2866 334 2926 illud
354 2872 581 2928 consummaret
594 2867 720 2927 44.084.“

208 2951 342 3012 Teototio
363 2953 417 3011 Dei
435 2952 508 3030 quid
521 2953 585 3012 sitl
607 2948 629 3011 4.
651 2952 682 3011 4.
697 2968 781 3011 oum.
796 2952 844 3012 40.
861 2949 1000 3012 Tentatio
1022 2949 1178 3019 formalis,
1302 2954 1303 2967 ¹

165 3040 196 3095 et
215 3033 450 3110 interpretativa.
466 3034 538 3096 46444.
562 3036 608 3096 dn
628 3036 659 3095 in
678 3035 841 3096 tentatione
854 3035 908 3095 Dei
931 3035 1020 3094 detur
1044 3037 1181 3113 parvitas

166 3117 317 3178 materiae?
331 3119 366 3178 Et
386 3136 452 3194 que
471 3119 509 3177 sit
528 3120 650 3179 tentatio
671 3120 903 3198 interpretativa.
917 3137 949 3177 44.
964 3120 1014 3178 40.
1028 3121 1074 3179 An
1086 3120 1181 3179 liceat
1301 3146 1302 3193 4

166 3200 292 3280 petereit
306 3203 368 3262 Deo
384 3203 545 3263 miracula?
558 3221 590 3262 44.
602 3205 704 3263 44444
713 3205 764 3281 qui
779 3201 866 3264 offert
881 3219 913 3263 se
925 3202 962 3262 ad
971 3204 1180 3282 martyrium?

167 3287 203 3348 Et
217 3305 254 3347 an
275 3288 325 3365 qui
344 3289 458 3366 respuit
479 3286 661 3363 medicinas?
675 3306 707 3349 44.
721 3289 771 3350 44.
1147 3308 1152 3321 ·

208 3371 380 3445 Terminus,
395 3372 463 3432 vide
480 3374 616 3453 Tempus.

208 3456 434 3516 Testamentum.
454 3457 532 3531 Quid
554 3468 585 3518 ct
601 3459 765 3535 quotuplex
785 3457 825 3518 sit
840 3457 1074 3519 Testamentum·
1093 3457 1117 3521 4.
1141 3464 1178 3525 4.

166 3555 196 3594 n.
212 3538 280 3597 040.
293 3546 393 3619 etseq.
410 3543 452 3599 Ex
471 3542 579 3619 quibus
598 3543 741 3619 capitibus
750 3546 970 3603 Testamentum
984 3550 1027 3602 est
1039 3545 1175 3609 nullium.
1195 3576 1200 3583 τ

165 3634 197 3674 u.
211 3620 279 3680 044.
291 3625 335 3682 De
344 3625 533 3686 'testamento
544 3626 737 3689 rusticorum.
746 3627 822 3690 Vide
831 3633 970 3689 nnnotnta
981 3645 1010 3687 e.
1020 3628 1175 3690 4444444444.
