2642 4150
150 220 208 300 946
468 222 835 309 444444449444444444444

189 341 249 413 Qu.
265 336 315 399 59.
328 335 375 398 ln
397 333 436 397 444
455 336 553 417 gravis
568 336 708 414 obligatio
729 335 918 414 relinquendi
932 353 983 395 444
1002 331 1079 397 bona
1096 339 1163 416 4444

150 422 290 486 fratribus
300 429 331 483 et
342 422 517 484 sororibus?
528 422 562 483 Iu
573 422 672 501 primo
687 420 764 483 libro
780 417 847 499 (444.
862 423 932 482 598.
946 418 992 481 444.
1006 420 1056 500 Α.)
1068 424 1162 483 relata
1229 464 1232 470 ·

150 515 195 568 est
211 507 311 586 opinio
325 505 419 568 84444.
436 508 517 569 Noe.
530 514 595 582 444,
617 506 779 566 dicentium
794 523 855 565 non
874 524 956 577 esse,
976 505 1032 565 nisi
1049 508 1092 566 illi
1106 526 1160 567 ex·

151 592 246 654 444445
266 592 426 672 indigeant.
446 592 504 652 Sed
523 592 555 653 in
568 590 625 651 hoe
635 591 765 652 diximus
782 590 905 651 omnino
920 591 1079 650 tenendum
1091 611 1162 670 pee-

151 694 218 737 care
233 679 361 754 graviter
374 676 592 753 relinquentem
608 676 684 734 bono
700 676 863 748 extraneis,
877 674 900 733 si
915 674 1020 733 iratres
1030 678 1162 753 graviter

151 760 312 838 indigeant.
318 758 425 824 videt.
436 763 467 820 5.
479 780 513 820 44.
528 761 597 821 946.
608 760 659 838 (444
673 757 755 820 Edit.
768 755 877 820 444444.
892 756 915 817 4.
932 760 962 818 4.
974 776 1008 817 44.
1019 759 1101 838 946.)

59 855 62 860 ·
191 847 247 919 Qu
269 848 318 906 46.
340 847 386 906 Au
412 846 499 906 liceat
522 844 783 905 revelarecrlmen
804 844 925 903 alterius
948 841 1163 905 adnitendum

115 926 118 934 ’
152 931 295 1012 damnum
305 930 480 1009 proprium,
493 929 517 989 44
533 930 636 989 notitia
649 946 782 990 errmrms
791 946 820 988 44
834 937 885 989 444
897 928 964 987 dolo
975 928 1164 1006 excipiatur?

153 1017 188 1076 ln
206 1016 304 1093 primo
319 1015 396 1075 libro
409 1012 474 1093 (444.
489 1015 556 1074 467.
572 1011 617 1074 444.
632 1015 669 1074 Α.
683 1033 713 1073 o.
731 1012 789 1073 Sed
810 1011 881 1090 4444.)
900 1012 978 1071 dicta
997 1021 1041 1072 ost
1054 1011 1163 1090 proba·

154 1098 228 1166 balas
238 1119 340 1178 opimo
351 1099 524 1160 affirmativa
544 1115 613 1159 eum
628 1095 723 1159 844444.
735 1096 853 1172 Lectio,
866 1098 952 1156 etP.
964 1097 1044 1156 Nau.
1060 1097 1138 1156 Sed
1129 1114 1164 1157 ru
1279 1119 1285 1124 ·

154 1182 210 1244 laon
227 1184 332 1243 melior
344 1184 405 1243 visa
423 1191 468 1243 cst
480 1184 621 1262 opposita.
641 1181 713 1244 Vide
725 1179 746 1243 4.
757 1183 786 1242 5.
800 1199 833 1243 44.
850 1182 918 1242 969.
929 1199 957 1241 4.
969 1179 1027 1242 sot
1040 1178 1088 1244 4444
1097 1201 1165 1243 4444-

152 1286 215 1349 gno
225 1267 276 1347 (144
284 1266 365 1329 Edit.
376 1264 485 1328 4444444.
496 1265 515 1327 4.
527 1269 557 1328 4.
570 1285 602 1328 44.
614 1267 697 1346 969.)

193 1353 251 1425 Qu.
277 1353 327 1412 44.
353 1354 403 1412 ¹lln
427 1353 478 1429 qui
505 1354 590 1412 444444
620 1354 765 1413 occultam
783 1350 992 1413 contumeliam
1016 1351 1164 1431 irrogavit

155 1442 291 1496 44444444
310 1434 347 1497 od
361 1436 659 1496 satisfactionemlln
680 1437 777 1516 primo
798 1436 875 1496 libro
895 1434 959 1515 (444.
981 1438 1048 1496 446.
1062 1455 1091 1495 v.
1105 1435 1168 1498 Sed

157 1522 256 1597 Quor.
277 1524 290 1579 4
298 1521 421 1600 )444444
442 1530 485 1582 444
496 1539 596 1601 opimo
609 1523 742 1600 negativa
755 1523 860 1600 leym.
872 1529 902 1580 44
913 1516 1047 1582 44444444
1058 1521 1138 1581 Sed
1129 1540 1165 1581 444

154 1604 212 1666 lroe
227 1606 355 1666 diximus
377 1606 691 1685 omnindsequendam
706 1605 923 1667 affirmativam.
939 1602 1052 1668 vitat.
1075 1608 1106 1666 5.
1125 1625 1163 1667 44.

155 1691 225 1750 985.
237 1692 287 1767 (444
297 1688 379 1750 Edit
390 1688 498 1750 4444444.
513 1688 535 1750 4.
552 1694 582 1750 4
593 1709 626 1751 n
640 1689 722 1767 985.)

149 1797 154 1802 ’
193 1775 251 1847 Qu.
263 1774 312 1834 49.
324 1773 369 1832 ln
385 1773 523 1833 laedant
511 1774 661 1852 jejunium
689 1774 845 1835 electuaria
861 1784 975 1854 sumpta
996 1775 1028 1834 44
1044 1773 1163 1834 modica

153 1857 320 1937 quantitate
334 1857 371 1918 ad
380 1858 623 1919 delectationem?
636 1862 671 1936 ln
690 1862 787 1939 primo
799 1860 877 1920 libro
890 1857 955 1938 (444.
969 1859 1037 1920 449.
1050 1855 1097 1917 444.
1110 1861 1167 1938 F.)

156 1944 282 2004 adducta
294 1952 339 2005 est
351 1944 451 2022 opinio
464 1946 597 2023 negativa
617 1965 686 2006 cum
698 1944 792 2007 Sulm.
803 1943 885 2024 Sylv.
899 1953 952 2006 444.
964 1943 1036 2006 lot.
1054 1944 1111 2004 Sed
1131 1946 1167 2005 in

157 2029 342 2093 hecdicium
362 2037 408 2092 444
427 2032 604 2092 contrariam
625 2031 748 2093 omnino
767 2031 937 2093 tenendam.
955 2029 1026 2097 Vide
1042 2026 1064 2090 4.
1079 2031 1108 2091 5.
1128 2048 1165 2092 44.

159 2118 246 2178 4649.
262 2116 362 2190 Quoer.
371 2118 416 2178 11.
425 2118 475 2196 (144
483 2116 566 2177 Edit.
580 2114 687 2179 Μ4444.
702 2115 723 2178 4.
737 2120 766 2180 4.
781 2137 814 2179 44.
830 2117 932 2195 4649.)

195 2203 254 2275 Qu.
269 2203 319 2261 45.
334 2203 380 2260 An
403 2203 485 2279 potio
506 2200 664 2262 clroeolatis
682 2203 773 2283 possit
796 2203 873 2262 sumi
893 2203 979 2262 toties
999 2202 1114 2281 quoties
1131 2204 1167 2266 ln

157 2284 227 2346 die?
238 2288 271 2345 ln
293 2285 390 2362 primo
405 2286 482 2345 libro
498 2283 563 2365 (444.
582 2290 648 2348 495.
668 2307 698 2348 4.
714 2286 892 2365 orandum.)
904 2286 980 2349 dieta
998 2296 1045 2360 est
1058 2287 1168 2366 proba·

158 2371 225 2431 bilis
238 2370 337 2448 opinio
351 2370 634 2433 affirmativaPutris
646 2372 722 2434 Viva
734 2417 742 2446 ‚
753 2375 777 2433 si
790 2382 924 2437 sumatur
936 2381 969 2454 44
984 2382 1169 2449 potususua·

158 2456 204 2515 lis.
218 2455 275 2515 Sed
287 2456 317 2514 in
334 2454 390 2514 hoc
407 2455 473 2515 tulis
493 2459 575 2535 potio
590 2476 650 2518 non
670 2456 860 2529 admittitur,
875 2458 931 2516 nisi
952 2476 1008 2535 pro
1024 2475 1084 2517 uno
1099 2467 1168 2517 tau·

158 2539 223 2601 4444
236 2538 340 2619 cyatho
357 2541 388 2600 in
400 2539 466 2613 die
483 2543 598 2601 ratione
611 2542 843 2601 consuetudinis
865 2539 971 2603 vitet.
989 2541 1063 2602 544.
1075 2543 1166 2603 4695.
1231 2584 1235 2593 ·

155 2642 187 2685 v.
199 2623 455 2704 Seouedat'nfiue
473 2625 613 2703 (14494444.
623 2624 730 2687 Μ4444.
743 2624 763 2685 4.
777 2630 807 2687 4.
818 2644 849 2685 44.
863 2626 966 2707 4695.)

196 2711 253 2783 Qu.
265 2712 315 2771 44.
330 2714 373 2769 An
387 2710 541 2788 religiosus
555 2712 722 2789 expendens
733 2730 800 2771 cum
815 2710 930 2771 licentio
946 2710 1076 2790 generali
1089 2731 1168 2790 proe·

157 2795 209 2855 1444
227 2794 264 2854 ad
281 2804 351 2854 usus
362 2794 496 2865 illicitos,
517 2804 617 2894 pcecct
630 2804 731 2856 eontra
745 2793 967 2875 paupertatem,
984 2806 1015 2859 et
1028 2806 1169 2861 teneatur

158 2877 194 2936 ad
212 2878 450 2937 restitutionem?
467 2879 501 2937 ln
519 2881 616 2957 primo
636 2880 714 2941 libro
736 2875 801 2958 (ool.
818 2881 888 2940 456.
915 2877 962 2940 444.
990 2883 1075 2943 Eo
1078 2882 1166 2943 ..11

161 2960 301 3040 Quaestio)
314 2969 414 3020 444444
440 2973 558 3023 estnon
573 2965 776 3043 improbabilis
791 2966 933 3026 sententia
947 2946 1082 3045 negativa
1097 2985 1169 3031 eum

158 3046 196 3106 de
210 3041 295 3105 Alex.
307 3045 394 3105 64444.
407 3048 510 3108 Barea
523 3050 624 3126 Lupo,
640 3056 692 3109 ete.
706 3049 790 3109 Sed
781 3067 813 3110 rn
833 3048 889 3109 hoc
907 3049 1081 3110 affirmativa
1102 3070 1169 3111 am·

159 3129 272 3208 plorata
285 3136 339 3189 est
359 3126 462 3191 votet.
477 3134 506 3191 4.
521 3150 555 3190 44.
576 3133 624 3192 54.
637 3129 701 3193 444.
715 3134 746 3194 5.
761 3151 794 3192 44.
809 3133 879 3195 875.
894 3133 947 3261 (44
957 3131 1041 3196 Edit.
1054 3132 1167 3198 4144444.

158 3211 332 3273 tuom
350 3209 600 3292 44444875)

197 3300 256 3370 Qu.
270 3299 319 3359 45.
332 3300 377 3358 An
393 3307 534 3379 patronus
547 3298 650 3361 debeat
676 3310 852 3380 praesentare
867 3301 1017 3382 digniores
1029 3303 1066 3364 ad
1075 3303 1169 3366 bene·

159 3381 178 3442 4
181 3382 474 3443 44444444444447444
493 3384 591 3460 primo
605 3386 683 3446 libro
694 3385 758 3464 (444
773 3389 842 3448 469.
855 3384 900 3448 444
913 3387 950 3446 Α.
962 3388 1020 3462 Qu.
1033 3387 1169 3466 9)(44444

159 3466 484 3544 estprobabilisopinio
500 3470 711 3548 negativarum
724 3468 840 3544 Polou,
856 3473 987 3544 644444,
998 3474 1166 3534 Ρ..Ν4444

160 3549 249 3609 444444.
266 3559 318 3611 444.
332 3552 412 3611 Scd
404 3569 435 3610 m
458 3549 515 3612 hoc
533 3554 716 3627 dictumest,
731 3554 1022 3618 omnlndtenendam
1038 3557 1165 3620 affirma·

124 3663 132 3678 .
159 3632 261 3691 tirum.
278 3633 348 3696 Vide
364 3630 388 3696 l.
399 3637 430 3696 4.
441 3653 473 3696 44.
490 3638 540 3699 97.
553 3638 606 3718 (444
620 3638 702 3701 Edit.
716 3637 822 3702 44144444.
839 3636 862 3703 4.
873 3642 904 3701 5.
919 3659 952 3702 44.
964 3640 1030 3720 97.)
