2642 4150
220 209 277 272 tto
661 202 818 286 appendic·

223 326 284 368 non
304 306 399 368 oritur
419 324 456 367 ex
484 303 611 375 delicto,
638 304 689 363 sod
709 322 745 363 ex
761 304 895 379 delectu3
916 310 947 364 et
960 304 1073 367 etiamsi
1093 308 1215 370 oriretur

222 407 259 449 ex
277 390 401 460 delicto,
422 407 487 465 cop.
512 389 612 450 Liceat
621 387 795 464 intelligitur
817 387 855 447 de
874 386 981 448 delicto
1005 390 1213 466 proprio,non

220 473 327 534 alieno.
347 474 418 534 Vide
433 470 485 533 tit.
510 472 539 531 7.
562 489 594 530 ιι.
611 472 680 530 450.
705 469 863 529 Dubitotur
885 470 915 529 5.
936 467 1043 530 Utrbm
1062 472 1214 549 Episcopus
1315 542 1316 553 χ

221 558 315 617 voleat
334 556 502 633 dispensare
523 573 590 616 cnm
611 553 765 629 illegitimo
788 553 920 623 occulto,
941 554 1043 612 saltem
1068 554 1104 613 od
1129 556 1213 614 mini·

220 640 400 699 strandum'
393 657 424 697 m
447 637 600 699 ordinibus
626 634 813 710 majoribus
801 654 864 712 Jam
888 638 1038 713 susceptis
1064 638 1214 697 Affirmant

220 722 373 800 Euyruou,
395 716 558 804 Cestropul.
576 725 605 777 et
623 719 748 794 Diona,
764 735 823 777 non
846 716 976 779 soliimsi
998 719 1048 779 ille
1062 722 1214 797 susceperit

221 806 339 864 ordines
363 805 439 865 bont
465 805 546 880 lide,
578 802 627 861 sed
657 803 745 860 etiam
768 801 843 860 matt
877 802 961 878 fide3
985 812 1015 861 et
1034 803 1163 862 inserunt
1180 821 1216 863 ex

219 905 283 967 cop.
300 888 370 948 Nisi
390 891 545 958 Persoum,
570 886 605 947 de
627 903 766 955 r·.,enuuo
781 885 831 943 ubi
855 886 981 959 dicitur,
1002 903 1086 964 posse
1102 888 1215 964 Episco-

219 991 294 1047 pum
309 973 474 1050 dispensare
494 990 562 1031 cum
578 971 731 1048 illegitimo
754 969 865 1029 occulto
882 972 957 1047 ,qui
978 970 1215 1047 culpabiliterest

219 1056 381 1116 ordinatus.
404 1055 515 1116 Verum
529 1053 649 1116 omnmb
662 1038 828 1128 ne0andum
847 1062 892 1112 est
911 1071 979 1112 cunr
998 1054 1130 1130 suarez,
1144 1050 1213 1113 Fill.

219 1135 311 1197 Soloi.
332 1148 384 1199 oto.
403 1139 618 1198 curationibus
637 1133 725 1214 ειιιιιὲι
751 1135 869 1207 allatis,
893 1134 974 1213 qubd
993 1136 1148 1214 Episcopus
1162 1154 1214 1196 ne-

219 1231 307 1300 queat
329 1223 497 1299 dispensare
516 1222 590 1280 circa
625 1219 741 1278 ordines
765 1216 901 1294 majores.
926 1222 1025 1295 Neque
1046 1218 1141 1278 obstat
1172 1220 1215 1278 ci·

219 1313 297 1364 tatus
318 1314 414 1365 textus
429 1304 607 1382 ,quiaillud
631 1320 716 1380 posse
730 1302 896 1379 dispensare
910 1301 1080 1377 intelligitur
1091 1300 1216 1362 omnind

219 1388 257 1447 de
283 1390 387 1465 Popo-
418 1389 458 1448 ibi
484 1388 563 1447 cnim
588 1403 684 1445 sermo
712 1392 755 1443 est
779 1385 816 1443 de
848 1385 976 1461 quodam
998 1384 1135 1461 Episcopo
1156 1382 1216 1446 hoc

112 1487 117 1498 ·
219 1470 308 1531 modo
325 1472 479 1550 perperim
497 1470 643 1530 ordinato
669 1466 746 1528 ibid.
765 1487 796 1528 ιι
815 1469 884 1528 451.

257 1557 371 1614 10.-
396 1556 536 1614 Asserunt
557 1556 733 1621 Nubamus,
754 1550 909 1623 Soucbez,
933 1550 1081 1626 Conciuo,
1105 1548 1216 1631 aliique
1305 1611 1308 1616 ,

219 1656 283 1696 euru
311 1642 351 1698 D.
387 1635 522 1707 Ybooro,
553 1654 635 1713 posse
656 1636 829 1730 Episcopum
852 1633 1018 1712 dispensare
1039 1636 1127 1695 etiam
1147 1655 1215 1695 cum

219 1719 336 1795 bigamo
355 1720 390 1779 od
408 1720 606 1797 suscipiendos
623 1718 740 1777 ordines
763 1718 909 1794 majores,
928 1728 958 1777 et
979 1711 1119 1778 beneficio
1144 1720 1215 1778 sim·

218 1804 315 1881 plicia.
350 1804 406 1864 Sed
433 1822 486 1863 nos
518 1820 655 1881 negamus
682 1820 748 1861 cum
781 1803 916 1873 sicaria,
941 1803 1047 1881 Lupus
1079 1805 1214 1883 Costrmop

221 1884 386 1972 Touruely,
407 1886 557 1958 Borboso,
572 1888 745 1961 Βοιιιιιιιιιι,
761 1894 814 1946 cto
826 1888 927 1964 vigore
943 1879 1092 1962 cujusdum
1118 1887 1215 1947 decla·

216 1958 336 2031 titionis
366 1969 446 2032 Sicti
482 1973 516 2032 V.
543 1971 575 2030 in
608 1988 665 2046 qua
698 1970 830 2029 Pontifex
851 1970 1009 2029 declaraiit
1040 1989 1215 2047 suspensum

216 2039 370 2132 quemdam
397 2055 591 2134 Episcopum,
619 2071 655 2112 ox
682 2070 740 2124 eo,
760 2054 827 2130 quia
852 2054 1016 2114 contulerat
1039 2054 1216 2116 beneficium

215 2141 331 2199 cuidam
357 2140 495 2216 bigamo,
520 2138 709 2214 addiditque,
724 2139 918 2199 ordinatum'
910 2139 1066 2199 incurrisse
1088 2159 1214 2218 poenns,

216 2231 317 2298 utpote
336 2222 488 2299 perperim
502 2230 695 2300 promotum,
711 2222 788 2299 apud
806 2225 942 2302 Foquou.
960 2222 994 2282 io
1009 2242 1033 2282 o.
1048 2223 1214 2300 Quoniam,

215 2304 250 2365 dc
273 2313 365 2365 eorcst.
391 2324 475 2364 ιιιιιιι.
508 2308 557 2365 52.
588 2306 617 2364 Si
648 2305 719 2366 verb
744 2306 868 2403 bigamia
894 2308 932 2366 sit
952 2307 1214 2379 similitudinum,

215 2389 348 2462 quamtis
375 2406 407 2446 ca
426 2389 465 2448 sit
489 2388 630 2465 publiea,
652 2391 888 2448 communissima
912 2398 955 2448 est
977 2391 1120 2449 sententia
1143 2409 1216 2450 eum

218 2469 335 2546 Toleto,
351 2472 463 2532 Suaraz
475 2471 662 2552 ‚obstrepat
676 2472 827 2544 Soucluez,
845 2471 1018 2534 Solomatis.
1044 2471 1215 2553 Tourucly‚

213 2551 336 2635 aliisquo
360 2551 580 2634 compluribus,
608 2574 691 2652 posse
725 2558 901 2634 Episcopum
930 2557 1096 2635 dispensare
1122 2559 1216 2617 etiam
1279 2568 1289 2584 ⁸

212 2639 308 2716 quoad
331 2641 544 2717 susceptionum·
562 2640 708 2716 majorum
722 2640 880 2714 ordinum,
893 2648 923 2699 et
939 2640 1079 2717 probatur
1089 2658 1127 2699 ex
1144 2659 1215 2719 cap.

212 2723 244 2780 4.
265 2719 299 2780 cle
318 2719 385 2781 cler.
406 2721 553 2802 cotcjupot.
564 2732 593 2782 et
604 2742 630 2782 o.
648 2726 678 2782 l.
695 2721 755 2798 Qui
765 2720 832 2781 cler.
844 2721 889 2782 uel
904 2742 983 2782 ιιιοιι.
998 2724 1217 2800 Excipiendum

212 2802 282 2861 iord
301 2807 515 2879 communiter,
538 2806 562 2865 si
590 2807 712 2866 clericus
736 2804 873 2865 babuerit
892 2808 924 2865 in
949 2825 1070 2866 uxorem
1090 2808 1219 2866 viduam

212 2887 363 2964 aliquam,
387 2898 437 2948 out
461 2890 547 2948 aliam
572 2908 631 2949 non
653 2892 819 2966 virginem,
844 2898 895 2949 aut
919 2909 943 2950 si
967 2890 1104 2951 babuerit
1123 2891 1220 2950 alium

213 2985 334 3029 uxorem
358 2972 672 3033 anteor'dinuionem.
685 2973 756 3035 Vide
774 2971 825 3034 lib.
843 2975 873 3034 7.
890 2994 923 3034 ιι
945 2977 1015 3035 452.

231 3056 295 3112 bl.
311 3054 413 3112 lV.-—
426 3055 598 3115 Utdiximus
614 3056 745 3116 abinitio
749 3068 860 3135 ,potest
873 3060 1030 3135 Episcopus
1043 3058 1220 3137 dispensare

210 3139 241 3197 in
261 3139 547 3214 irr'egularitotibus
539 3144 664 3201 incursis
682 3141 720 3201 ob
737 3142 879 3201 delictum
899 3143 1065 3213 occultum,
1089 3154 1219 3220 excepto

209 3219 368 3281 homicidio
391 3222 569 3283 uoluntario.
597 3226 678 3285 Circa
705 3224 761 3285 boo
789 3224 873 3301 ajunt
904 3226 1023 3302 quidam
1051 3225 1219 3299 doctores,

209 3303 305 3381 quiid,
325 3303 371 3365 bis
391 3307 673 3382 nonobstantibus,
693 3311 718 3369 si
744 3309 937 3369 homicidium
956 3317 1030 3368 esset
1043 3308 1144 3367 taliter
1166 3327 1222 3368 oe·

207 3391 339 3461 oultdm,
371 3399 404 3450 ut
431 3392 515 3451 nullo
545 3392 684 3452 modom
705 3392 826 3469 judicio
844 3393 962 3470 probari
988 3400 1109 3470 posset,
1141 3402 1255 3467 tunc

208 3482 302 3546 posset
323 3473 479 3550 Episcopus
503 3473 681 3552 dispensare.
702 3473 824 3537 Verium
831 3475 893 3534 buco
907 3476 1049 3534 sententia
1063 3480 1138 3548 lure
1157 3474 1222 3537 suit

206 3551 383 3618 tsotocouu
399 3556 578 3634 reprobata,
596 3555 801 3635 allouooqlio,
817 3568 872 3619 otc
865 3603 893 3632 ,
912 3559 979 3635 quio
993 3577 1028 3618 ex
1046 3553 1131 3635 parte
1150 3577 1220 3619 una
