2642 4150
173 193 231 257 180
531 217 534 222 <
597 186 754 273 apponte

174 296 283 374 quihus
300 293 417 376 publice
434 297 569 364 constat,
591 310 652 353 uon
679 294 767 354 luisse
787 293 931 355 conlasscs
952 293 985 354 in
1010 312 1106 372 auno,
1127 316 1184 360 nce

173 381 402 441 communicasse
437 376 564 459 paschali
594 387 748 456 tempore,
774 388 806 440 et
834 378 875 438 ita
904 379 994 439 ctiam
1027 378 1181 455 haeretici,

173 465 438 537 excommunicati,
459 466 510 541 qui
524 462 579 524 sihi
589 480 625 522 cx
635 463 680 521 ira
693 469 819 524 mortem
834 463 999 525 intulerunt
1012 508 1020 537 ‚
1033 466 1058 526 si
1073 465 1184 528 deinde
1246 494 1251 502 =

174 549 353 627 paenitentiae
369 547 476 609 indicia
494 563 555 606 nou
576 545 778 624 praebuerint,
801 544 846 606 uti
870 545 996 607 hahetur
1021 549 1052 608 in
1071 550 1183 612 Rituali

174 633 306 691 llomano
318 653 325 690 ι
338 635 506 693 Peccatores
517 626 631 709 publici
650 630 858 710 cujuacaoaqae
872 631 1000 710 peceati,
1013 636 1108 713 etqui
1119 653 1181 696 ma·

173 715 296 775 riuotur
308 715 342 775 io
357 711 503 796 flagranti
514 714 635 773 crimioe
647 713 694 790 (ut
712 732 748 776 cx
768 733 794 774 c.
806 716 915 787 Fures,
938 712 972 775 de
984 713 1077 794 facrtol
1099 719 1183 779 nullo

173 798 241 861 dato
260 800 343 879 siguo
364 800 563 881 poenitentiae3
577 800 687 858 etenim
704 808 774 858 tuuc
793 809 1015 878 praesumuntur
1026 811 1057 862 ct
1068 802 1100 864 in
1114 822 1182 882 pec-

173 894 237 946 cnto
255 885 378 955 obiisse,
397 894 431 944 ut
451 883 555 943 dicum
570 884 925 944 communicaveram
944 885 1071 957 rituali,
1093 888 1183 967 quid·

173 970 245 1047 quid
261 970 360 1030 dicant
379 971 518 1039 Leaena,
542 974 570 1026 ct
591 963 843 1038 Seaaciua‚Solaa.
867 973 904 1027 tr.
927 968 975 1028 l8.
1000 987 1025 1029 a.
1039 972 1070 1030 5.
1096 991 1127 1052 p.
1150 974 1180 1032 6.

173 1052 200 1133 §-
218 1057 247 1117 9.
261 1074 294 1116 ιι.
306 1057 374 1116 199.
389 1055 445 1127 Qui
455 1049 625 1127 hujusmodi
640 1051 792 1112 deiunctae
815 1051 937 1130 sepelit,
952 1052 1102 1115 lethaliter
1113 1074 1182 1134 pec·

67 1137 71 1142 '
174 1148 241 1199 eat:
261 1147 292 1199 ct
312 1140 363 1218 qui
385 1137 488 1216 sepelit
507 1134 700 1207 hereticum,
715 1144 767 1196 aut
782 1134 991 1197 hereticorum
1011 1137 1181 1213 fautorem,

173 1232 226 1284 eut
246 1222 362 1303 publice
375 1220 661 1283 excommunicatum
672 1262 681 1292 ,
693 1229 745 1281 ιιιιι
762 1220 930 1280 usurarium
942 1265 952 1292 ‚
964 1222 1051 1283 etiam
1063 1243 1184 1286 excom·

174 1310 404 1369 manicationem
418 1304 600 1380 iucurrit3et
611 1303 781 1382 hujusmodi
797 1304 929 1365 defuncti
940 1349 954 1381 g
964 1307 987 1365 si
998 1306 1059 1366 lieri
1074 1310 1179 1384 possit,

174 1410 210 1453 ex
223 1395 371 1473 sepultura
391 1388 564 1452 extrahendi
584 1398 665 1448 sunt.
683 1384 829 1448 Caeterum
847 1407 936 1449 nemo
953 1391 1100 1468 sepultura
1112 1394 1181 1472 pri-

174 1478 287 1538 raudus
303 1480 334 1539 in
354 1491 542 1555 quocumque
557 1490 623 1533 cusu
634 1474 698 1533 sine
711 1473 855 1532 sententia
867 1474 1018 1551 Episcopi,
1032 1486 1082 1536 aut
1093 1494 1184 1555 supe-

132 1620 137 1626 .
174 1563 280 1635 rionis,
301 1563 326 1623 si
345 1561 467 1624 cadaver
481 1568 524 1619 est
543 1558 684 1636 religiosi.
698 1554 792 1618 Soloe.
806 1555 878 1618 ibid.
892 1575 924 1616 o.
935 1560 1004 1618 909.
1019 1568 1048 1619 et
1058 1563 1126 1622 901.

214 1649 264 1708 99.
276 1679 316 1694 -·
325 1647 382 1708 Sed
396 1645 433 1705 ad
449 1659 512 1704 rem
526 1645 675 1714 nostiam,
692 1641 729 1700 ad
745 1642 895 1719 regulares
913 1643 1067 1718 videlicet,
1081 1645 1185 1706 redca-

175 1731 351 1792 maelium
367 1738 437 1790 sunt
461 1726 610 1787 notanda:
628 1728 658 1785 1.
676 1725 807 1798 Quilibet
819 1726 958 1798 clericus,
971 1737 1023 1788 aut
1037 1731 1185 1791 secularis

175 1816 231 1875 sibi
253 1814 361 1892 eligere
389 1819 485 1890 potest
514 1810 697 1889 sepulturam
722 1810 754 1876 in
779 1810 903 1876 Ecclesia
929 1812 1126 1889 regularium.
1147 1817 1185 1875 Et

175 1898 294 1978 quando
307 1898 413 1977 aliquis
430 1895 552 1956 haberet
576 1894 760 1972 sepulturam
771 1912 893 1955 suorum
907 1895 1052 1972 majorum
1070 1898 1101 1957 iu
1115 1900 1184 1973 illa,
1278 1964 1284 1970 ,

175 1994 205 2046 et
219 2004 278 2046 nou
296 1984 429 2061 elegisset
441 1982 528 2041 aliam
548 1981 703 2040 Ecclesiam
717 2022 726 2050 ‚
748 1990 870 2058 possunt
884 1982 1033 2059 regulares
1044 1983 1185 2045 illiecum

176 2064 421 2151 separassem.
437 2065 508 2130 tait.
524 2064 550 2147 S.
568 2068 597 2127 5.
613 2087 645 2126 u.
661 2066 731 2127 908.
745 2067 774 2126 9.
793 2064 915 2127 Parochi
933 2069 984 2145 qui
1006 2068 1039 2128 in
1060 2070 1185 2130 associa-

176 2158 257 2217 tione
269 2156 305 2216 ad
319 2155 472 2215 Ecclesiam
490 2151 670 2231 regularium
685 2148 750 2228 plius
769 2152 912 2228 exigunt,
929 2151 1022 2229 quiam
1032 2154 1186 2232 erigerent

175 2241 207 2301 iu
224 2241 391 2319 sepeliendo
404 2239 543 2298 defuneto
559 2238 590 2296 in
611 2234 749 2315 parochia
761 2279 769 2306 ‚
783 2245 817 2294 ut
828 2235 1012 2298 retraherent
1025 2238 1125 2298 fideles
1143 2240 1184 2302 ab

176 2323 309 2402 eligenda
325 2323 394 2383 alibi
406 2324 556 2399 sepultura
566 2364 574 2389 ,
586 2319 724 2401 papalem
735 2323 1068 2392 excommunicationem
1081 2325 1186 2385 iucur-

175 2418 247 2471 ruut
255 2453 265 2484 ‚
280 2427 316 2468 cx
331 2408 393 2468 bul.
407 2405 496 2469 Cleua.
512 2408 599 2469 Vlll.
614 2404 697 2486 opud
709 2403 818 2484 Solia.‚·
829 2417 858 2467 et
868 2406 935 2467 licei
946 2408 1024 2469 bulla
1037 2410 1113 2470 edita
1125 2413 1185 2475 luit

175 2512 230 2573 pro
244 2494 394 2554 ludicrum
408 2489 561 2571 parochis,
577 2500 676 2551 tamen
691 2492 760 2552 lez.
774 2494 864 2571 Pege.
878 2489 1006 2553 coactio.
1020 2494 1059 2555 ib.
1068 2515 1098 2555 a.
1110 2498 1183 2560 906.

176 2598 244 2640 cum
265 2577 330 2640 aliis
357 2578 528 2656 intelligunt
551 2594 617 2637 eam
645 2576 754 2636 editam
777 2576 866 2636 luisse
894 2579 1099 2640 universaliter
1125 2601 1186 2660 pro

176 2665 324 2727 omuibus.
342 2665 370 2724 5.
393 2663 467 2726 Cum
488 2662 675 2743 sepeliendus
696 2673 740 2722 cst
761 2661 916 2723 defunctus
939 2664 970 2723 in
998 2666 1186 2743 regularium

175 2751 321 2822 Ecclesia,
341 2748 449 2809 debent
468 2749 521 2827 ipsi
535 2765 661 2818 vocare,
676 2756 706 2806 ct
726 2746 876 2807 attendere
897 2747 1058 2825 paroclrum
1070 2772 1079 2827 3
1092 2750 1142 2809 sed
1156 2752 1186 2812 si

175 2835 226 2894 illc
248 2834 346 2894 renuit
365 2834 488 2904 venire,
507 2842 558 2892 aut
571 2833 660 2892 nimis
673 2842 825 2903 moratur,
840 2843 960 2910 possunt
974 2834 1028 2910 ipsi
1042 2835 1189 2896 extollere

176 2917 318 2988 cadaver,
340 2924 370 2976 et
387 2915 462 2977 illud
481 2917 513 2977 in
533 2935 617 2977 suam
633 2917 792 2976 Ecclesiam
803 2926 972 2994 asportare.
987 2920 1030 2978 lta
1047 2936 1187 2981 eommu-

176 3003 255 3063 niter
278 2999 371 3062 Barl.
392 3002 461 3062 Lea.
481 3001 645 3080 Papauer,
661 2999 762 3062 etalii
778 3019 844 3061 eura
861 2998 968 3074 Solia„
988 3022 1024 3063 cx
1045 3004 1189 3083 pluribus

176 3083 299 3153 decretis
312 3084 342 3142 S.
363 3084 397 3143 C.
415 3080 509 3142 Soloe.
533 3082 606 3144 itta.
621 3102 705 3145 araim.
723 3088 792 3146 908.
806 3093 834 3144 ct
850 3088 919 3146 909.
934 3087 1070 3148 Officium
1091 3106 1190 3166 supra

176 3167 298 3227 caalaver
314 3175 378 3227 tum
397 3166 606 3227 celebrandum
628 3178 674 3228 cst
688 3189 748 3230 non
768 3171 785 3230 ia
805 3171 932 3248 parocho
946 3179 996 3231 aut
1011 3173 1188 3248 canonicis,

175 3254 226 3316 scd
242 3252 279 3312 ab
288 3251 392 3314 iisdem
406 3252 599 3331 regularibus.
614 3257 639 3315 N
642 3273 674 3315 cc
684 3255 828 3334 parochus
839 3258 976 3318 exercere
988 3269 1083 3336 potest
1095 3260 1191 3325 illum
1228 3246 1233 3269 ‘

176 3347 275 3399 actum
294 3337 326 3396 in
345 3353 449 3397 eorum
464 3338 607 3412 Ecclesia,
619 3339 929 3418 neccogerehaeredes
943 3342 979 3402 ad
994 3343 1191 3415 celebrandas

176 3423 299 3493 missas,
315 3428 367 3480 aut
386 3438 490 3481 eorum
509 3431 623 3500 partem
644 3425 677 3483 in
689 3424 826 3503 parochia
836 3469 845 3496 ‚
857 3444 894 3485 ex
911 3427 1045 3505 pluribus
1057 3428 1191 3493 decretis

152 3517 158 3529 ·
176 3507 265 3566 ctiam
280 3506 311 3565 S.
326 3505 359 3565 G.
374 3507 411 3565 Et
423 3506 501 3565 idem
524 3505 743 3569 observandum
764 3517 808 3568 cst
825 3511 915 3571 etiam
928 3529 983 3589 pro
997 3516 1191 3581 monasteriis

176 3589 350 3650 anomalium
366 3599 580 3669 exemptarum.
595 3589 688 3654 Selm.
705 3601 743 3654 tr.
757 3595 805 3657 18.
816 3594 882 3657 eii.
897 3615 928 3678 p.
943 3596 973 3656 6.
986 3593 1013 3675 §.
1029 3595 1189 3663 5.ιι.919.
