2642 4150
529 200 758 265 1616666666.
1092 201 1151 267 165
1206 168 1209 178 x

187 305 321 369 Veneno.
333 294 541 366 Peneiiciarius
551 303 702 363 redimens
711 300 907 365 vexationem.
916 298 937 364 1.
949 303 979 364 6.
993 320 1025 366 6.
1035 302 1149 374 9699.

186 392 441 454 Viasinstaurare
457 387 592 447 infestis.
614 384 635 447 1.
652 390 683 447 6.
699 406 732 446 6.
745 388 818 448 565.
871 413 885 464 χ
916 413 923 470 ‘.

186 474 347 536 9161666.
359 475 421 535 Nec
430 472 466 531 ad
482 471 612 531 dandum
624 473 775 531 viaticum
788 472 856 531 licet
869 474 1078 535 consecrarem
1092 490 1152 536 uua

143 562 249 639 specie.
260 557 281 619 1.
292 562 323 621 6.
342 577 375 618 6.
389 559 458 617 196.
469 559 529 616 Neo
539 557 569 615 iu
580 556 769 616 sermentato.
782 576 814 617 6.
826 557 895 617 665.-
911 556 991 619 6161.
1004 561 1035 620 6.
1049 558 1152 632 Quivis

143 644 277 705 sacerdos
297 652 393 722 potest
420 641 492 701 dare
511 640 672 718 viaticum¹
685 641 805 701 absente
824 640 962 722 parocho.
982 661 1015 702 6.
1033 645 1101 705 666.
1121 652 1153 704 et

143 747 177 788 6.
197 719 266 789 656.
286 726 350 788 nno
372 726 522 786 diaconus.
538 723 568 785 d.
590 744 623 784 6.
637 726 709 785 656.
730 727 824 786 Etiam
848 728 1015 805 Regulures.
1034 746 1065 788 6.
1081 729 1150 787 616.

143 814 190 874 dn
212 812 350 872 1616116.
377 810 444 873 657.
466 808 642 870 66616611.
668 812 746 870 Num
772 811 852 871 loiris
874 821 903 872 et
927 812 1039 882 clericis
1066 814 1152 882 liceat

144 916 277 980 unquam
296 915 350 974 per
369 915 400 956 se
415 912 533 956 sumere
550 896 697 955 viaticum
709 900 723 953 1
735 894 807 956 ibid.
824 899 880 973 Qu.
895 899 926 957 6.
943 899 1066 972 Quando
1083 899 1153 971 Via·

20 1041 21 1048 ,
147 983 357 1058 ticum-'possit
380 981 442 1040 dari
466 999 527 1040 non
544 979 664 1055 jejunis.
683 999 714 1040 6.
730 980 797 1040 686.
821 982 898 1054 Quid
920 981 1015 1061 sijum
1039 984 1152 1046 viatico

143 1070 206 1148 sint
224 1066 305 1146 priris
326 1066 443 1127 muniti.
458 1086 490 1125 6.
505 1066 574 1125 685.
588 1068 634 1125 An
658 1074 793 1125 teneatur
813 1084 930 1127 sumere
946 1065 1030 1146 quii
1054 1069 1153 1147 paucis

141 1151 248 1213 dicbus
269 1152 497 1211 communicavit
515 1169 551 1209 ex
576 1149 758 1209 devotione?
779 1148 851 1211 idid.
871 1150 951 1211 Dud.
972 1152 1099 1232 sputu
1126 1149 1151 1213 si

142 1235 231 1296 mani
247 1235 484 1296 communicavit.
497 1233 578 1294 665.
593 1235 623 1293 5.
639 1237 665 1294 N
668 1253 717 1293 um
732 1233 876 1312 parochus
890 1236 980 1312 possit
993 1237 1153 1315 aliquando

142 1322 283 1380 omittere
294 1320 381 1379 verba
393 1319 444 1379 iila
460 1340 468 1377 s
486 1318 588 1397 Accipe
608 1317 766 1379 Victicnns.
782 1316 860 1378 Dni.
878 1321 908 1378 6.
926 1319 971 1379 Aa
985 1320 1048 1380 dor'i
1062 1323 1154 1400 possit

56 1422 58 1426 ·
143 1424 213 1464 eum
227 1404 450 1464 6516666676.
470 1404 539 1464 688.
558 1419 589 1461 6.
607 1402 731 1462 Dicunt.
748 1406 794 1462 dn
809 1401 951 1462 secerdoti
970 1422 1030 1463 non
1048 1405 1152 1482 jejuno

142 1488 230 1548 liceat
256 1488 405 1549 celebrare
430 1487 467 1547 ad
491 1485 621 1547 dandum
637 1487 852 1546 Viaticumtn.
876 1488 945 1548 686.
963 1488 1153 1549 Audendum

143 1574 268 1653 pueris?
285 1592 318 1633 6.
343 1574 411 1633 695.
431 1572 477 1631 An
502 1587 625 1651 peccans
645 1580 712 1649 post
731 1571 878 1631 viaticum
894 1579 1029 1633 teneatur
1050 1570 1153 1633 rursivs

142 1658 296 1736 accipere?
316 1657 356 1718 16.
370 1675 398 1717 6.
417 1658 447 1715 6.
462 1657 508 1716 An
525 1652 657 1715 dandum
678 1656 773 1733 cupite
796 1655 963 1717 damnetis?
980 1676 1012 1717 6.
1033 1659 1102 1719 685.
1121 1675 1151 1719 6.

142 1742 204 1804 1116
217 1750 327 1803 aretem.
349 1742 511 1802 Necessitas
531 1740 620 1799 dandi
634 1740 783 1800 Viatieum
805 1739 954 1801 excusatis
976 1743 1154 1803 consessione

143 1835 216 1886 onte
229 1827 480 1907 communionem.
493 1842 525 1884 n.
541 1826 610 1885 666.
626 1824 777 1884 Permittit
790 1825 878 1898 etiam
898 1825 1046 1886 celebrare
1056 1826 1153 1887 media
1217 1823 1219 1830 '

144 1923 245 1975 nocte.
259 1933 290 1973 6.
311 1915 377 1974 565.
393 1932 422 1973 6.
445 1915 485 1973 16
507 1910 684 1973 necessitate.
708 1911 1062 1991 11666υ716116666666611
1088 1911 1152 1973 dari

144 2005 213 2078 post
225 2001 393 2058 Extremam
410 1997 609 2058 tinctionem?
629 2014 660 2055 6.
676 1995 745 2055 766.
924 2019 929 2027 ’
1144 1991 1148 1998 ’

189 2084 294 2144 Viator
312 2083 429 2163 quando
452 2090 608 2141 excusetur
628 2080 758 2140 imissa.
781 2077 804 2142 1.
825 2082 855 2142 6.
874 2099 907 2141 6.
928 2082 997 2144 568.
1039 2100 1042 2108 ·
1146 2098 1150 2108 ·

188 2165 324 2229 Vieorius
349 2162 502 2227 Generalis
528 2183 565 2224 an
585 2167 676 2244 possit
701 2164 771 2224 dore
786 2164 964 2226 -iacultatem
988 2166 1153 2247 excipiendi

145 2252 341 2315 consessiones
359 2250 578 2309 contradicente
598 2251 763 2328 Episcopo?
783 2246 803 2309 1.
822 2252 850 2310 6.
864 2268 896 2310 6.
914 2250 1043 2313 touta
1062 2254 1153 2329 possit

146 2338 214 2415 eligi
236 2335 267 2395 in
288 2336 496 2395 confessarium
516 2334 714 2394 monialium?
733 2331 755 2394 1.
775 2337 804 2395 u.
824 2352 856 2395 6.
878 2337 946 2397 577.
962 2338 1034 2398 Not.
1053 2338 1085 2398 5.
1107 2339 1154 2400 An

144 2422 238 2502 possit
253 2421 420 2498 dispensare
437 2420 469 2477 in
489 2416 767 2478 denunciationibus
785 2420 994 2481 matrimonii?
1009 2441 1041 2481 6.
1064 2424 1151 2483 1667.
1213 2490 1216 2495 ,

145 2509 193 2567 An
210 2505 288 2565 ierrc
311 2507 469 2563 censuros?
483 2496 505 2561 1.
526 2503 555 2561 7.
574 2519 607 2561 6.
633 2500 683 2561 16.
701 2520 731 2561 6.
747 2505 766 2562 1
771 2504 805 2564 V.
826 2504 872 2561 116
892 2505 1050 2583 Episcopus
1064 2506 1155 2582 possit

146 2610 229 2652 rosus
253 2591 371 2668 Papaies
389 2589 517 2648 occultos
540 2587 692 2647 absolvere
721 2603 776 2664 per
798 2587 950 2646 Vicerium
978 2590 1155 2666 generaliter

147 2677 342 2755 deputatum?
353 2670 375 2732 1.
387 2674 417 2732 6.
435 2692 468 2732 n.
487 2673 555 2733 596.
570 2670 650 2733 Dei.
672 2673 701 2732 9.
716 2679 746 2730 et
758 2669 781 2730 1.
797 2671 827 2730 7.
844 2687 877 2731 6.
885 2672 941 2743 95.
961 2673 1007 2733 An
1019 2670 1155 2736 haeresim

147 2777 202 2839 per
215 2761 365 2819 vicarium
377 2758 544 2836 specialiter
554 2757 764 2835 designatum?
782 2753 802 2815 1.
814 2756 844 2814 7.
861 2774 894 2817 6.
913 2757 963 2817 96.
989 2784 992 2787 “

191 2841 327 2904 Viccrins
346 2839 529 2922 Copitnloris
550 2859 588 2900 on
610 2842 702 2918 possit
725 2841 877 2919 absolvere
902 2842 1015 2902 occultu
1038 2843 1155 2921 Papalio

147 2931 223 3004 sicut
234 2924 446 3007 Episcopusti.
464 2929 492 2986 6.
509 2946 542 2987 6.
558 2928 626 2988 595.
639 2944 668 2986 6.
682 2924 836 2987 desudent.
848 2928 958 3004 Nequit
970 2927 1040 2989 dare
1053 2928 1155 2995 dimis·
1246 2924 1247 2931 '

148 3015 240 3076 sorios
258 3014 296 3072 ad
316 3012 545 3073 ordinationem.
559 3030 591 3070 6.
608 3011 677 3070 787.
691 3008 863 3071 Notandum
883 3012 912 3071 5.
964 3042 967 3047 -

172 3097 310 3165 15666,
331 3106 362 3156 ct
385 3096 559 3155 71666116
583 3095 680 3155 victor
701 3094 772 3155 iudo
797 3097 890 3156 vetito
915 3099 1006 3177 possit
1026 3100 1156 3161 retinere

149 3177 352 3245 lucratum'ti.
374 3180 405 3239 6.
419 3198 452 3238 6.
470 3180 540 3241 887.
555 3179 634 3252 Quid
655 3180 680 3239 si
704 3178 847 3256 impediet
864 3181 1016 3256 judicem,
1029 3187 1107 3241 etet
1121 3202 1153 3243 6.

148 3267 217 3326 888.
231 3265 309 3337 Quid
328 3264 352 3325 si
373 3264 443 3324 lusit
463 3265 564 3323 animo
589 3262 755 3341 repetendi.
772 3282 805 3324 6.
820 3266 889 3326 889.
904 3267 951 3325 An
971 3265 1065 3324 victus
1085 3264 1155 3326 ludo

149 3352 242 3409 vetito
262 3357 397 3409 teneatur
414 3348 551 3409 solveret
569 3366 601 3409 n.
618 3348 686 3408 866.
701 3349 778 3422 Quid
797 3351 822 3409 si
842 3350 1064 3411 renunciaverit
1084 3350 1154 3429 legi.

149 3451 185 3493 6.
202 3435 270 3492 891.
283 3436 328 3492 Aa
347 3434 442 3493 victus
461 3434 552 3511 possit
571 3440 673 3512 petere
692 3434 902 3493 relaxationem
922 3432 1107 3511 juramenti?
1123 3454 1153 3495 6.

149 3519 218 3577 896.
234 3518 279 3575 116
300 3516 357 3577 sibi
378 3535 566 3594 compensare
584 3518 925 3581 661616696895116
941 3520 1119 3600 transigere,
1131 3521 1158 3580 si
1195 3543 1202 3548 ·

149 3592 218 3661 iretis
236 3599 366 3660 minetur
386 3611 520 3678 repetere
532 3603 564 3664 in
580 3600 713 3679 judicio?
727 3619 761 3663 6.
778 3601 847 3664 896.
959 3628 965 3645 ·
