<?xml version="1.0" encoding="UTF-8"?>
<!DOCTYPE html PUBLIC "-//W3C//DTD XHTML 1.0 Transitional//EN"
    "http://www.w3.org/TR/xhtml1/DTD/xhtml1-transitional.dtd">
<html xmlns="http://www.w3.org/1999/xhtml" xml:lang="en" lang="en">
 <head>
  <title>
</title>
<meta http-equiv="Content-Type" content="text/html;charset=utf-8" />
  <meta name='ocr-system' content='tesseract 3.04.00' />
  <meta name='ocr-capabilities' content='ocr_page ocr_carea ocr_par ocr_line ocrx_word'/>
</head>
<body>
  <div class='ocr_page' id='page_1' title='image "./theologiamorali01heilgoog_0109.png"; bbox 0 0 2642 4150; ppageno 0'>
   <div class='ocr_carea' id='block_1_1' title="bbox 365 206 1149 290">
    <p class='ocr_par' dir='ltr' id='par_1_1' title="bbox 365 206 1149 290">
     <span class='ocr_line' id='line_1_1' title="bbox 365 206 1149 290; baseline 0.004 -19"><span class='ocrx_word' id='word_1_1' title='bbox 365 240 369 246; x_wconf 89' lang='lat'>·</span> <span class='ocrx_word' id='word_1_2' title='bbox 420 210 499 271; x_wconf 85' lang='lat' dir='ltr'><strong>Pers</strong></span> <span class='ocrx_word' id='word_1_3' title='bbox 511 206 647 272; x_wconf 73' lang='lat' dir='ltr'><strong>tenenda.</strong></span> <span class='ocrx_word' id='word_1_4' title='bbox 665 208 821 290; x_wconf 81' lang='lat' dir='ltr'><strong>Copntll.</strong></span> <span class='ocrx_word' id='word_1_5' title='bbox 924 271 927 280; x_wconf 49' lang='lat'><strong>,</strong></span> <span class='ocrx_word' id='word_1_6' title='bbox 1095 210 1149 274; x_wconf 73' lang='lat' dir='ltr'><strong>ldl</strong></span> 
     </span>
    </p>
   </div>
   <div class='ocr_carea' id='block_1_2' title="bbox 139 306 1153 476">
    <p class='ocr_par' dir='ltr' id='par_1_2' title="bbox 139 306 1153 476">
     <span class='ocr_line' id='line_1_2' title="bbox 139 306 1152 394; baseline -0.003 -21"><span class='ocrx_word' id='word_1_7' title='bbox 139 330 239 394; x_wconf 84' lang='lat' dir='ltr'><strong>pressa</strong></span> <span class='ocrx_word' id='word_1_8' title='bbox 256 311 445 391; x_wconf 89' lang='lat' dir='ltr'><strong>reperiatur,</strong></span> <span class='ocrx_word' id='word_1_9' title='bbox 459 310 609 372; x_wconf 80' lang='lat' dir='ltr'><strong>ordinarii</strong></span> <span class='ocrx_word' id='word_1_10' title='bbox 627 311 761 371; x_wconf 86' lang='lat' dir='ltr'><strong>locorum</strong></span> <span class='ocrx_word' id='word_1_11' title='bbox 786 308 838 388; x_wconf 86' lang='lat' dir='ltr'><strong>qui</strong></span> <span class='ocrx_word' id='word_1_12' title='bbox 861 306 976 371; x_wconf 84' lang='lat' dir='ltr'><strong>raotiirs</strong></span> <span class='ocrx_word' id='word_1_13' title='bbox 987 316 1019 371; x_wconf 88' lang='lat' dir='ltr'><strong>ct</strong></span> <span class='ocrx_word' id='word_1_14' title='bbox 1035 326 1152 371; x_wconf 71' lang='lat' dir='ltr'><strong>amura-</strong></span> 
     </span>
     <span class='ocr_line' id='line_1_3' title="bbox 140 393 1153 476; baseline -0.006 -18"><span class='ocrx_word' id='word_1_15' title='bbox 140 396 252 458; x_wconf 82' lang='lat' dir='ltr'><strong>titisse</strong></span> <span class='ocrx_word' id='word_1_16' title='bbox 275 405 407 476; x_wconf 86' lang='lat' dir='ltr'><strong>gerunt,</strong></span> <span class='ocrx_word' id='word_1_17' title='bbox 432 395 488 454; x_wconf 90' lang='lat' dir='ltr'><strong>nisi</strong></span> <span class='ocrx_word' id='word_1_18' title='bbox 512 396 581 455; x_wconf 82' lang='lat' dir='ltr'><strong>vitoe</strong></span> <span class='ocrx_word' id='word_1_19' title='bbox 611 394 778 472; x_wconf 90' lang='lat' dir='ltr'><strong>periculum</strong></span> <span class='ocrx_word' id='word_1_20' title='bbox 806 393 982 464; x_wconf 83' lang='lat' dir='ltr'><strong>immineat,</strong></span> <span class='ocrx_word' id='word_1_21' title='bbox 1005 394 1153 473; x_wconf 69' lang='lat' dir='ltr'><strong>dbpeam·</strong></span> 
     </span>
    </p>
   </div>
   <div class='ocr_carea' id='block_1_3' title="bbox 116 476 1178 3682">
    <p class='ocr_par' dir='ltr' id='par_1_3' title="bbox 116 476 1178 3682">
     <span class='ocr_line' id='line_1_4' title="bbox 141 476 1154 559; baseline -0.002 -18"><span class='ocrx_word' id='word_1_22' title='bbox 141 482 258 542; x_wconf 88' lang='lat' dir='ltr'><strong>tionem</strong></span> <span class='ocrx_word' id='word_1_23' title='bbox 294 481 400 559; x_wconf 79' lang='lat' dir='ltr'><strong>exequi</strong></span> <span class='ocrx_word' id='word_1_24' title='bbox 432 488 592 557; x_wconf 82' lang='lat' dir='ltr'><strong>recusant3</strong></span> <span class='ocrx_word' id='word_1_25' title='bbox 612 478 663 537; x_wconf 88' lang='lat' dir='ltr'><strong>alii</strong></span> <span class='ocrx_word' id='word_1_26' title='bbox 686 477 778 548; x_wconf 85' lang='lat' dir='ltr'><strong>verb,</strong></span> <span class='ocrx_word' id='word_1_27' title='bbox 797 476 919 539; x_wconf 77' lang='lat' dir='ltr'><strong>tortasse</strong></span> <span class='ocrx_word' id='word_1_28' title='bbox 943 478 1016 539; x_wconf 83' lang='lat' dir='ltr'><strong>falso</strong></span> <span class='ocrx_word' id='word_1_29' title='bbox 1033 495 1154 539; x_wconf 85' lang='lat' dir='ltr'><strong>rumora</strong></span> 
     </span>
     <span class='ocr_line' id='line_1_5' title="bbox 140 561 1153 644; baseline -0.002 -19"><span class='ocrx_word' id='word_1_30' title='bbox 140 566 283 636; x_wconf 90' lang='lat' dir='ltr'><strong>inducti,</strong></span> <span class='ocrx_word' id='word_1_31' title='bbox 301 564 382 644; x_wconf 85' lang='lat' dir='ltr'><strong>qubd</strong></span> <span class='ocrx_word' id='word_1_32' title='bbox 403 561 574 641; x_wconf 85' lang='lat' dir='ltr'><strong>hujusmodi</strong></span> <span class='ocrx_word' id='word_1_33' title='bbox 592 562 722 624; x_wconf 77' lang='lat' dir='ltr'><strong>clausula</strong></span> <span class='ocrx_word' id='word_1_34' title='bbox 744 563 785 622; x_wconf 89' lang='lat' dir='ltr'><strong>sit</strong></span> <span class='ocrx_word' id='word_1_35' title='bbox 802 579 884 622; x_wconf 90' lang='lat' dir='ltr'><strong>mera</strong></span> <span class='ocrx_word' id='word_1_36' title='bbox 902 562 1068 623; x_wconf 86' lang='lat' dir='ltr'><strong>iormabtas</strong></span> <span class='ocrx_word' id='word_1_37' title='bbox 1081 605 1090 634; x_wconf 95' lang='lat'><strong>,</strong></span> <span class='ocrx_word' id='word_1_38' title='bbox 1105 562 1153 623; x_wconf 88' lang='lat' dir='ltr'><strong>io·</strong></span> 
     </span>
     <span class='ocr_line' id='line_1_6' title="bbox 142 646 1153 729; baseline -0.003 -20"><span class='ocrx_word' id='word_1_39' title='bbox 142 649 316 729; x_wconf 83' lang='lat' dir='ltr'><strong>dulgentids</strong></span> <span class='ocrx_word' id='word_1_40' title='bbox 340 647 430 727; x_wconf 80' lang='lat' dir='ltr'><strong>quam</strong></span> <span class='ocrx_word' id='word_1_41' title='bbox 460 664 576 708; x_wconf 75' lang='lat' dir='ltr'><strong>necesse</strong></span> <span class='ocrx_word' id='word_1_42' title='bbox 601 655 646 707; x_wconf 90' lang='lat' dir='ltr'><strong>est</strong></span> <span class='ocrx_word' id='word_1_43' title='bbox 673 647 888 726; x_wconf 76' lang='lat' dir='ltr'><strong>procedentes,</strong></span> <span class='ocrx_word' id='word_1_44' title='bbox 917 646 1052 726; x_wconf 88' lang='lat' dir='ltr'><strong>periculo</strong></span> <span class='ocrx_word' id='word_1_45' title='bbox 1083 647 1153 706; x_wconf 82' lang='lat' dir='ltr'><strong>vitro</strong></span> 
     </span>
     <span class='ocr_line' id='line_1_7' title="bbox 145 729 1153 812; baseline -0.004 -19"><span class='ocrx_word' id='word_1_46' title='bbox 145 752 245 812; x_wconf 86' lang='lat' dir='ltr'><strong>neque</strong></span> <span class='ocrx_word' id='word_1_47' title='bbox 262 733 446 809; x_wconf 79' lang='lat' dir='ltr'><strong>argumentis</strong></span> <span class='ocrx_word' id='word_1_48' title='bbox 458 731 661 809; x_wconf 88' lang='lat' dir='ltr'><strong>probabilibus</strong></span> <span class='ocrx_word' id='word_1_49' title='bbox 681 730 857 803; x_wconf 84' lang='lat' dir='ltr'><strong>verificato,</strong></span> <span class='ocrx_word' id='word_1_50' title='bbox 876 746 970 809; x_wconf 85' lang='lat' dir='ltr'><strong>eoque</strong></span> <span class='ocrx_word' id='word_1_51' title='bbox 986 729 1153 791; x_wconf 86' lang='lat' dir='ltr'><strong>oratoribus</strong></span> 
     </span>
     <span class='ocr_line' id='line_1_8' title="bbox 144 813 1153 894; baseline -0.001 -18"><span class='ocrx_word' id='word_1_52' title='bbox 144 819 249 878; x_wconf 87' lang='lat' dir='ltr'><strong>saltem</strong></span> <span class='ocrx_word' id='word_1_53' title='bbox 275 817 477 877; x_wconf 77' lang='lat' dir='ltr'><strong>verisimiliter</strong></span> <span class='ocrx_word' id='word_1_54' title='bbox 502 816 659 877; x_wconf 89' lang='lat' dir='ltr'><strong>imminere</strong></span> <span class='ocrx_word' id='word_1_55' title='bbox 679 822 848 893; x_wconf 90' lang='lat' dir='ltr'><strong>comperto,</strong></span> <span class='ocrx_word' id='word_1_56' title='bbox 863 814 989 894; x_wconf 87' lang='lat' dir='ltr'><strong>gratiam</strong></span> <span class='ocrx_word' id='word_1_57' title='bbox 1003 813 1153 893; x_wconf 87' lang='lat' dir='ltr'><strong>dispensa·</strong></span> 
     </span>
     <span class='ocr_line' id='line_1_9' title="bbox 144 902 1178 979; baseline -0.003 -17"><span class='ocrx_word' id='word_1_58' title='bbox 144 902 234 962; x_wconf 89' lang='lat' dir='ltr'><strong>tionis</strong></span> <span class='ocrx_word' id='word_1_59' title='bbox 247 910 448 979; x_wconf 85' lang='lat' dir='ltr'><strong>exequuntur.</strong></span> <span class='ocrx_word' id='word_1_60' title='bbox 1175 905 1178 910; x_wconf 79' lang='grc'><em>’</em></span> 
     </span>
     <span class='ocr_line' id='line_1_10' title="bbox 183 981 1154 1064; baseline 0 -20"><span class='ocrx_word' id='word_1_61' title='bbox 183 987 215 1045; x_wconf 86' lang='lat' dir='ltr'><strong>S.</strong></span> <span class='ocrx_word' id='word_1_62' title='bbox 233 988 274 1045; x_wconf 83' lang='lat' dir='ltr'><strong>ot.</strong></span> <span class='ocrx_word' id='word_1_63' title='bbox 290 984 485 1064; x_wconf 78' lang='lat' dir='ltr'><strong>praedecessor</strong></span> <span class='ocrx_word' id='word_1_64' title='bbox 502 989 603 1044; x_wconf 90' lang='lat' dir='ltr'><strong>noster</strong></span> <span class='ocrx_word' id='word_1_65' title='bbox 614 984 691 1046; x_wconf 81' lang='lat' dir='ltr'><strong>Pius</strong></span> <span class='ocrx_word' id='word_1_66' title='bbox 702 984 759 1046; x_wconf 82' lang='lat' dir='ltr'><strong>PP.</strong></span> <span class='ocrx_word' id='word_1_67' title='bbox 774 985 813 1046; x_wconf 87' lang='lat' dir='ltr'><strong>V.</strong></span> <span class='ocrx_word' id='word_1_68' title='bbox 826 984 859 1047; x_wconf 90' lang='lat' dir='ltr'><strong>in</strong></span> <span class='ocrx_word' id='word_1_69' title='bbox 875 1002 927 1045; x_wconf 86' lang='lat' dir='ltr'><strong>sua</strong></span> <span class='ocrx_word' id='word_1_70' title='bbox 945 981 1154 1045; x_wconf 86' lang='lat' dir='ltr'><strong>constitutione</strong></span> 
     </span>
     <span class='ocr_line' id='line_1_11' title="bbox 146 1067 1152 1149; baseline -0.002 -21"><span class='ocrx_word' id='word_1_71' title='bbox 146 1087 204 1146; x_wconf 88' lang='lat' dir='ltr'><strong>per</strong></span> <span class='ocrx_word' id='word_1_72' title='bbox 217 1070 296 1128; x_wconf 90' lang='lat' dir='ltr'><strong>viam</strong></span> <span class='ocrx_word' id='word_1_73' title='bbox 316 1068 415 1129; x_wconf 84' lang='lat' dir='ltr'><strong>motds</strong></span> <span class='ocrx_word' id='word_1_74' title='bbox 438 1070 552 1147; x_wconf 91' lang='lat' dir='ltr'><strong>proprii</strong></span> <span class='ocrx_word' id='word_1_75' title='bbox 574 1069 731 1148; x_wconf 85' lang='lat' dir='ltr'><strong>expedita,</strong></span> <span class='ocrx_word' id='word_1_76' title='bbox 756 1077 788 1130; x_wconf 87' lang='lat' dir='ltr'><strong>et</strong></span> <span class='ocrx_word' id='word_1_77' title='bbox 813 1069 961 1149; x_wconf 88' lang='lat' dir='ltr'><strong>publicata</strong></span> <span class='ocrx_word' id='word_1_78' title='bbox 981 1068 1037 1128; x_wconf 88' lang='lat' dir='ltr'><strong>sub</strong></span> <span class='ocrx_word' id='word_1_79' title='bbox 1061 1067 1111 1127; x_wconf 91' lang='lat' dir='ltr'><strong>die</strong></span> <span class='ocrx_word' id='word_1_80' title='bbox 1133 1068 1152 1126; x_wconf 81' lang='lat' dir='ltr'><strong>t</strong></span> 
     </span>
     <span class='ocr_line' id='line_1_12' title="bbox 150 1149 1153 1230; baseline -0.002 -18"><span class='ocrx_word' id='word_1_81' title='bbox 150 1151 292 1213; x_wconf 81' lang='lat' dir='ltr'><strong>Decemb.</strong></span> <span class='ocrx_word' id='word_1_82' title='bbox 322 1170 392 1212; x_wconf 86' lang='lat' dir='ltr'><strong>ann.</strong></span> <span class='ocrx_word' id='word_1_83' title='bbox 413 1153 596 1224; x_wconf 81' lang='lat' dir='ltr'><strong>ututxvt.‚</strong></span> <span class='ocrx_word' id='word_1_84' title='bbox 621 1152 707 1230; x_wconf 90' lang='lat' dir='ltr'><strong>cujus</strong></span> <span class='ocrx_word' id='word_1_85' title='bbox 729 1152 850 1214; x_wconf 90' lang='lat' dir='ltr'><strong>initium</strong></span> <span class='ocrx_word' id='word_1_86' title='bbox 871 1162 946 1215; x_wconf 83' lang='lat' dir='ltr'><strong>est:</strong></span> <span class='ocrx_word' id='word_1_87' title='bbox 970 1149 1054 1213; x_wconf 79' lang='lat' dir='ltr'><strong>Sicut</strong></span> <span class='ocrx_word' id='word_1_88' title='bbox 1074 1167 1153 1211; x_wconf 83' lang='lat' dir='ltr'><strong>acce·</strong></span> 
     </span>
     <span class='ocr_line' id='line_1_13' title="bbox 147 1235 1153 1316; baseline -0.002 -21"><span class='ocrx_word' id='word_1_89' title='bbox 147 1235 282 1314; x_wconf 79' lang='lat' dir='ltr'><strong>prinus.-</strong></span> <span class='ocrx_word' id='word_1_90' title='bbox 309 1259 324 1289; x_wconf 80' lang='lat' dir='ltr'><strong>a</strong></span> <span class='ocrx_word' id='word_1_91' title='bbox 344 1235 497 1306; x_wconf 89' lang='lat' dir='ltr'><strong>decrevit,</strong></span> <span class='ocrx_word' id='word_1_92' title='bbox 525 1253 628 1296; x_wconf 91' lang='lat' dir='ltr'><strong>omncs</strong></span> <span class='ocrx_word' id='word_1_93' title='bbox 660 1245 692 1297; x_wconf 89' lang='lat' dir='ltr'><strong>et</strong></span> <span class='ocrx_word' id='word_1_94' title='bbox 710 1237 842 1316; x_wconf 90' lang='lat' dir='ltr'><strong>singulos</strong></span> <span class='ocrx_word' id='word_1_95' title='bbox 864 1244 1068 1315; x_wconf 72' lang='lat' dir='ltr'><strong>procuratores</strong></span> <span class='ocrx_word' id='word_1_96' title='bbox 1092 1244 1153 1293; x_wconf 93' lang='lat' dir='ltr'><strong>tam</strong></span> 
     </span>
     <span class='ocr_line' id='line_1_14' title="bbox 148 1316 1153 1397; baseline -0.003 -18"><span class='ocrx_word' id='word_1_97' title='bbox 148 1343 162 1372; x_wconf 79' lang='lat' dir='ltr'><strong>a</strong></span> <span class='ocrx_word' id='word_1_98' title='bbox 187 1319 278 1380; x_wconf 84' lang='lat' dir='ltr'><strong>officii</strong></span> <span class='ocrx_word' id='word_1_99' title='bbox 307 1339 395 1382; x_wconf 89' lang='lat' dir='ltr'><strong>sacrae</strong></span> <span class='ocrx_word' id='word_1_100' title='bbox 421 1320 669 1393; x_wconf 84' lang='lat' dir='ltr'><strong>Poenitentiariae,</strong></span> <span class='ocrx_word' id='word_1_101' title='bbox 692 1338 744 1381; x_wconf 89' lang='lat' dir='ltr'><strong>seo</strong></span> <span class='ocrx_word' id='word_1_102' title='bbox 767 1321 1039 1391; x_wconf 83' lang='lat' dir='ltr'><strong>contradictarum,</strong></span> <span class='ocrx_word' id='word_1_103' title='bbox 1062 1316 1153 1397; x_wconf 78' lang='lat' dir='ltr'><strong>quam</strong></span> 
     </span>
     <span class='ocr_line' id='line_1_15' title="bbox 147 1402 1154 1483; baseline 0.002 -26"><span class='ocrx_word' id='word_1_104' title='bbox 147 1427 164 1456; x_wconf 73' lang='lat' dir='ltr'><strong>a</strong></span> <span class='ocrx_word' id='word_1_105' title='bbox 188 1403 265 1463; x_wconf 87' lang='lat' dir='ltr'><strong>alios</strong></span> <span class='ocrx_word' id='word_1_106' title='bbox 285 1422 482 1483; x_wconf 87' lang='lat' dir='ltr'><strong>quoscumque</strong></span> <span class='ocrx_word' id='word_1_107' title='bbox 501 1404 730 1481; x_wconf 74' lang='lat' dir='ltr'><strong>sollicitatores,</strong></span> <span class='ocrx_word' id='word_1_108' title='bbox 753 1413 784 1464; x_wconf 90' lang='lat' dir='ltr'><strong>ct</strong></span> <span class='ocrx_word' id='word_1_109' title='bbox 802 1406 980 1483; x_wconf 85' lang='lat' dir='ltr'><strong>scriptores,</strong></span> <span class='ocrx_word' id='word_1_110' title='bbox 999 1403 1050 1481; x_wconf 91' lang='lat' dir='ltr'><strong>qui</strong></span> <span class='ocrx_word' id='word_1_111' title='bbox 1075 1402 1154 1460; x_wconf 86' lang='lat' dir='ltr'><strong>veri·</strong></span> 
     </span>
     <span class='ocr_line' id='line_1_16' title="bbox 151 1483 1154 1567; baseline 0.001 -26"><span class='ocrx_word' id='word_1_112' title='bbox 151 1512 168 1541; x_wconf 68' lang='lat' dir='ltr'>n</span> <span class='ocrx_word' id='word_1_113' title='bbox 194 1496 289 1566; x_wconf 84' lang='lat' dir='ltr'><strong>tatem</strong></span> <span class='ocrx_word' id='word_1_114' title='bbox 306 1489 372 1548; x_wconf 87' lang='lat' dir='ltr'><strong>iacti</strong></span> <span class='ocrx_word' id='word_1_115' title='bbox 390 1488 406 1548; x_wconf 85' lang='lat' dir='ltr'><strong>l</strong></span> <span class='ocrx_word' id='word_1_116' title='bbox 425 1489 618 1564; x_wconf 76' lang='lat' dir='ltr'><strong>narratione,</strong></span> <span class='ocrx_word' id='word_1_117' title='bbox 637 1506 725 1567; x_wconf 90' lang='lat' dir='ltr'><strong>qnam</strong></span> <span class='ocrx_word' id='word_1_118' title='bbox 742 1488 779 1547; x_wconf 94' lang='lat' dir='ltr'><strong>ab</strong></span> <span class='ocrx_word' id='word_1_119' title='bbox 798 1489 870 1567; x_wconf 86' lang='lat' dir='ltr'><strong>ipsis</strong></span> <span class='ocrx_word' id='word_1_120' title='bbox 893 1488 1027 1566; x_wconf 87' lang='lat' dir='ltr'><strong>partibus</strong></span> <span class='ocrx_word' id='word_1_121' title='bbox 1043 1483 1154 1545; x_wconf 85' lang='lat' dir='ltr'><strong>babue-</strong></span> 
     </span>
     <span class='ocr_line' id='line_1_17' title="bbox 152 1568 1155 1651; baseline -0.004 -21"><span class='ocrx_word' id='word_1_122' title='bbox 152 1595 169 1624; x_wconf 82' lang='lat' dir='ltr'><strong>a</strong></span> <span class='ocrx_word' id='word_1_123' title='bbox 193 1579 289 1645; x_wconf 89' lang='lat' dir='ltr'><strong>runt,</strong></span> <span class='ocrx_word' id='word_1_124' title='bbox 309 1573 399 1651; x_wconf 84' lang='lat' dir='ltr'><strong>quoad</strong></span> <span class='ocrx_word' id='word_1_125' title='bbox 415 1574 640 1647; x_wconf 85' lang='lat' dir='ltr'><strong>substantialia,</strong></span> <span class='ocrx_word' id='word_1_126' title='bbox 659 1580 690 1633; x_wconf 90' lang='lat' dir='ltr'><strong>et</strong></span> <span class='ocrx_word' id='word_1_127' title='bbox 711 1572 865 1650; x_wconf 89' lang='lat' dir='ltr'><strong>qualitates</strong></span> <span class='ocrx_word' id='word_1_128' title='bbox 880 1570 1041 1633; x_wconf 81' lang='lat' dir='ltr'><strong>necessario</strong></span> <span class='ocrx_word' id='word_1_129' title='bbox 1056 1568 1155 1646; x_wconf 82' lang='lat' dir='ltr'><strong>expri-</strong></span> 
     </span>
     <span class='ocr_line' id='line_1_18' title="bbox 151 1656 1152 1736; baseline 0.002 -26"><span class='ocrx_word' id='word_1_130' title='bbox 151 1679 168 1710; x_wconf 76' lang='grc' dir='ltr'><strong>ι</strong></span> <span class='ocrx_word' id='word_1_131' title='bbox 192 1656 315 1716; x_wconf 88' lang='lat' dir='ltr'><strong>mendas</strong></span> <span class='ocrx_word' id='word_1_132' title='bbox 326 1657 469 1718; x_wconf 88' lang='lat' dir='ltr'><strong>diversam</strong></span> <span class='ocrx_word' id='word_1_133' title='bbox 480 1659 614 1729; x_wconf 86' lang='lat' dir='ltr'><strong>faciunt,</strong></span> <span class='ocrx_word' id='word_1_134' title='bbox 629 1675 681 1718; x_wconf 92' lang='lat' dir='ltr'><strong>scu</strong></span> <span class='ocrx_word' id='word_1_135' title='bbox 699 1656 920 1736; x_wconf 88' lang='lat' dir='ltr'><strong>quoquomodo</strong></span> <span class='ocrx_word' id='word_1_136' title='bbox 932 1657 1152 1722; x_wconf 87' lang='lat' dir='ltr'><strong>intervertunt,</strong></span> 
     </span>
     <span class='ocr_line' id='line_1_19' title="bbox 147 1737 1153 1822; baseline 0.002 -26"><span class='ocrx_word' id='word_1_137' title='bbox 147 1766 163 1795; x_wconf 67' lang='grc' dir='ltr'>ι</span> <span class='ocrx_word' id='word_1_138' title='bbox 187 1750 241 1801; x_wconf 86' lang='lat' dir='ltr'><strong>aut</strong></span> <span class='ocrx_word' id='word_1_139' title='bbox 260 1742 506 1819; x_wconf 88' lang='lat' dir='ltr'><strong>immutant,aut</strong></span> <span class='ocrx_word' id='word_1_140' title='bbox 522 1737 703 1822; x_wconf 86' lang='lat' dir='ltr'><strong>depravant,</strong></span> <span class='ocrx_word' id='word_1_141' title='bbox 725 1750 756 1803; x_wconf 90' lang='lat' dir='ltr'><strong>et</strong></span> <span class='ocrx_word' id='word_1_142' title='bbox 778 1759 831 1821; x_wconf 90' lang='lat' dir='ltr'><strong>per</strong></span> <span class='ocrx_word' id='word_1_143' title='bbox 852 1741 1099 1822; x_wconf 81' lang='lat' dir='ltr'><strong>subreptionem,</strong></span> <span class='ocrx_word' id='word_1_144' title='bbox 1123 1744 1153 1798; x_wconf 88' lang='lat' dir='ltr'><strong>et</strong></span> 
     </span>
     <span class='ocr_line' id='line_1_20' title="bbox 147 1825 1151 1906; baseline -0.003 -20"><span class='ocrx_word' id='word_1_145' title='bbox 147 1850 164 1879; x_wconf 71' lang='lat' dir='ltr'><strong>a</strong></span> <span class='ocrx_word' id='word_1_146' title='bbox 187 1826 394 1905; x_wconf 86' lang='lat' dir='ltr'><strong>obreptionem</strong></span> <span class='ocrx_word' id='word_1_147' title='bbox 413 1827 521 1906; x_wconf 79' lang='lat' dir='ltr'><strong>gratias</strong></span> <span class='ocrx_word' id='word_1_148' title='bbox 542 1825 717 1888; x_wconf 79' lang='lat' dir='ltr'><strong>irllomanis</strong></span> <span class='ocrx_word' id='word_1_149' title='bbox 743 1826 933 1888; x_wconf 85' lang='lat' dir='ltr'><strong>Pontificibus</strong></span> <span class='ocrx_word' id='word_1_150' title='bbox 956 1830 1151 1904; x_wconf 85' lang='lat' dir='ltr'><strong>extorquent,</strong></span> 
     </span>
     <span class='ocr_line' id='line_1_21' title="bbox 148 1911 1111 1991; baseline 0.008 -27"><span class='ocrx_word' id='word_1_151' title='bbox 148 1936 163 1964; x_wconf 66' lang='lat' dir='ltr'><strong>s</strong></span> <span class='ocrx_word' id='word_1_152' title='bbox 188 1929 307 1988; x_wconf 77' lang='lat' dir='ltr'><strong>ptenam</strong></span> <span class='ocrx_word' id='word_1_153' title='bbox 320 1911 383 1970; x_wconf 85' lang='lat' dir='ltr'><strong>ialsi</strong></span> <span class='ocrx_word' id='word_1_154' title='bbox 400 1912 573 1981; x_wconf 86' lang='lat' dir='ltr'><strong>incurrere,</strong></span> <span class='ocrx_word' id='word_1_155' title='bbox 587 1922 618 1972; x_wconf 90' lang='lat' dir='ltr'><strong>et</strong></span> <span class='ocrx_word' id='word_1_156' title='bbox 634 1914 669 1973; x_wconf 79' lang='lat' dir='ltr'><strong>ed</strong></span> <span class='ocrx_word' id='word_1_157' title='bbox 690 1913 790 1991; x_wconf 89' lang='lat' dir='ltr'><strong>puniri</strong></span> <span class='ocrx_word' id='word_1_158' title='bbox 811 1911 934 1973; x_wconf 88' lang='lat' dir='ltr'><strong>omninb</strong></span> <span class='ocrx_word' id='word_1_159' title='bbox 957 1911 1074 1972; x_wconf 78' lang='lat' dir='ltr'><strong>debere.</strong></span> <span class='ocrx_word' id='word_1_160' title='bbox 1096 1933 1111 1961; x_wconf 81' lang='lat' dir='ltr'><strong>r</strong></span> 
     </span>
     <span class='ocr_line' id='line_1_22' title="bbox 188 1991 1154 2075; baseline -0.002 -21"><span class='ocrx_word' id='word_1_161' title='bbox 188 1993 364 2074; x_wconf 73' lang='lat' dir='ltr'><strong>Huiusmodi</strong></span> <span class='ocrx_word' id='word_1_162' title='bbox 377 2003 476 2056; x_wconf 90' lang='lat' dir='ltr'><strong>autem</strong></span> <span class='ocrx_word' id='word_1_163' title='bbox 494 1997 686 2070; x_wconf 89' lang='lat' dir='ltr'><strong>constitutio,</strong></span> <span class='ocrx_word' id='word_1_164' title='bbox 701 2012 889 2075; x_wconf 45' lang='lat' dir='ltr'><strong>‘quamquam</strong></span> <span class='ocrx_word' id='word_1_165' title='bbox 909 1995 1044 2054; x_wconf 89' lang='lat' dir='ltr'><strong>videatur</strong></span> <span class='ocrx_word' id='word_1_166' title='bbox 1060 1991 1154 2073; x_wconf 89' lang='lat' dir='ltr'><strong>pcrti-</strong></span> 
     </span>
     <span class='ocr_line' id='line_1_23' title="bbox 147 2078 1154 2161; baseline -0.009 -17"><span class='ocrx_word' id='word_1_167' title='bbox 147 2082 220 2144; x_wconf 84' lang='lat' dir='ltr'><strong>ndrc</strong></span> <span class='ocrx_word' id='word_1_168' title='bbox 238 2080 390 2140; x_wconf 82' lang='lat' dir='ltr'><strong>dumtaxat</strong></span> <span class='ocrx_word' id='word_1_169' title='bbox 411 2081 449 2142; x_wconf 95' lang='lat' dir='ltr'><strong>ad</strong></span> <span class='ocrx_word' id='word_1_170' title='bbox 469 2090 693 2161; x_wconf 87' lang='lat' dir='ltr'><strong>procuratores,</strong></span> <span class='ocrx_word' id='word_1_171' title='bbox 707 2082 930 2150; x_wconf 86' lang='lat' dir='ltr'><strong>sollicitatores,</strong></span> <span class='ocrx_word' id='word_1_172' title='bbox 951 2088 981 2140; x_wconf 89' lang='lat' dir='ltr'><strong>et</strong></span> <span class='ocrx_word' id='word_1_173' title='bbox 996 2078 1154 2155; x_wconf 84' lang='lat' dir='ltr'><strong>scriptores</strong></span> 
     </span>
     <span class='ocr_line' id='line_1_24' title="bbox 147 2161 1154 2244; baseline -0.007 -17"><span class='ocrx_word' id='word_1_174' title='bbox 147 2164 237 2227; x_wconf 89' lang='lat' dir='ltr'><strong>otlicii</strong></span> <span class='ocrx_word' id='word_1_175' title='bbox 257 2181 346 2224; x_wconf 78' lang='lat' dir='ltr'><strong>sacrm</strong></span> <span class='ocrx_word' id='word_1_176' title='bbox 367 2166 619 2238; x_wconf 83' lang='lat' dir='ltr'><strong>Poenitcntiarioe,</strong></span> <span class='ocrx_word' id='word_1_177' title='bbox 644 2166 696 2227; x_wconf 91' lang='lat' dir='ltr'><strong>ubi</strong></span> <span class='ocrx_word' id='word_1_178' title='bbox 723 2184 776 2244; x_wconf 93' lang='lat' dir='ltr'><strong>per</strong></span> <span class='ocrx_word' id='word_1_179' title='bbox 791 2165 822 2225; x_wconf 91' lang='lat' dir='ltr'><strong>id</strong></span> <span class='ocrx_word' id='word_1_180' title='bbox 841 2163 983 2243; x_wconf 87' lang='lat' dir='ltr'><strong>temporis</strong></span> <span class='ocrx_word' id='word_1_181' title='bbox 1004 2161 1154 2223; x_wconf 88' lang='lat' dir='ltr'><strong>matrimo-</strong></span> 
     </span>
     <span class='ocr_line' id='line_1_25' title="bbox 148 2246 1151 2326; baseline -0.005 -17"><span class='ocrx_word' id='word_1_182' title='bbox 148 2248 244 2309; x_wconf 87' lang='lat' dir='ltr'><strong>niales</strong></span> <span class='ocrx_word' id='word_1_183' title='bbox 257 2248 487 2326; x_wconf 87' lang='lat' dir='ltr'><strong>dispensationes</strong></span> <span class='ocrx_word' id='word_1_184' title='bbox 499 2252 588 2311; x_wconf 90' lang='lat' dir='ltr'><strong>etiam</strong></span> <span class='ocrx_word' id='word_1_185' title='bbox 608 2252 640 2311; x_wconf 88' lang='lat' dir='ltr'><strong>in</strong></span> <span class='ocrx_word' id='word_1_186' title='bbox 653 2252 718 2312; x_wconf 84' lang='lat' dir='ltr'><strong>soro</strong></span> <span class='ocrx_word' id='word_1_187' title='bbox 734 2259 855 2311; x_wconf 83' lang='lat' dir='ltr'><strong>externo</strong></span> <span class='ocrx_word' id='word_1_188' title='bbox 867 2248 988 2311; x_wconf 88' lang='lat' dir='ltr'><strong>concedi</strong></span> <span class='ocrx_word' id='word_1_189' title='bbox 1001 2246 1151 2320; x_wconf 88' lang='lat' dir='ltr'><strong>solebant,</strong></span> 
     </span>
     <span class='ocr_line' id='line_1_26' title="bbox 143 2329 1155 2412; baseline -0.006 -19"><span class='ocrx_word' id='word_1_190' title='bbox 143 2330 347 2393; x_wconf 87' lang='lat' dir='ltr'><strong>nibilominds</strong></span> <span class='ocrx_word' id='word_1_191' title='bbox 365 2349 420 2412; x_wconf 89' lang='lat' dir='ltr'><strong>pro</strong></span> <span class='ocrx_word' id='word_1_192' title='bbox 439 2336 576 2412; x_wconf 88' lang='lat' dir='ltr'><strong>pastorali</strong></span> <span class='ocrx_word' id='word_1_193' title='bbox 601 2343 701 2396; x_wconf 86' lang='lat' dir='ltr'><strong>nostra</strong></span> <span class='ocrx_word' id='word_1_194' title='bbox 717 2379 726 2407; x_wconf 91' lang='lat'><strong>,</strong></span> <span class='ocrx_word' id='word_1_195' title='bbox 742 2343 772 2395; x_wconf 87' lang='lat' dir='ltr'><strong>et</strong></span> <span class='ocrx_word' id='word_1_196' title='bbox 790 2343 910 2412; x_wconf 90' lang='lat' dir='ltr'><strong>paterna</strong></span> <span class='ocrx_word' id='word_1_197' title='bbox 935 2351 971 2394; x_wconf 82' lang='lat' dir='ltr'><strong>ex</strong></span> <span class='ocrx_word' id='word_1_198' title='bbox 990 2333 1050 2393; x_wconf 90' lang='lat' dir='ltr'><strong>alto</strong></span> <span class='ocrx_word' id='word_1_199' title='bbox 1070 2329 1155 2393; x_wconf 87' lang='lat' dir='ltr'><strong>nobis</strong></span> 
     </span>
     <span class='ocr_line' id='line_1_27' title="bbox 146 2414 1154 2498; baseline 0 -22"><span class='ocrx_word' id='word_1_200' title='bbox 146 2415 304 2487; x_wconf 78' lang='lat' dir='ltr'><strong>commissa</strong></span> <span class='ocrx_word' id='word_1_201' title='bbox 322 2433 392 2475; x_wconf 90' lang='lat' dir='ltr'><strong>cura</strong></span> <span class='ocrx_word' id='word_1_202' title='bbox 416 2414 589 2492; x_wconf 87' lang='lat' dir='ltr'><strong>hortamur,</strong></span> <span class='ocrx_word' id='word_1_203' title='bbox 612 2437 768 2480; x_wconf 88' lang='lat' dir='ltr'><strong>monemus</strong></span> <span class='ocrx_word' id='word_1_204' title='bbox 780 2463 789 2491; x_wconf 92' lang='lat'><strong>,</strong></span> <span class='ocrx_word' id='word_1_205' title='bbox 802 2438 835 2478; x_wconf 89' lang='lat' dir='ltr'><strong>ac</strong></span> <span class='ocrx_word' id='word_1_206' title='bbox 851 2418 1038 2498; x_wconf 86' lang='lat' dir='ltr'><strong>praecipimus</strong></span> <span class='ocrx_word' id='word_1_207' title='bbox 1057 2416 1154 2477; x_wconf 84' lang='lat' dir='ltr'><strong>crani-</strong></span> 
     </span>
     <span class='ocr_line' id='line_1_28' title="bbox 143 2499 1156 2581; baseline -0.003 -19"><span class='ocrx_word' id='word_1_208' title='bbox 143 2501 206 2562; x_wconf 89' lang='lat' dir='ltr'><strong>bus</strong></span> <span class='ocrx_word' id='word_1_209' title='bbox 228 2508 260 2559; x_wconf 88' lang='lat' dir='ltr'><strong>ct</strong></span> <span class='ocrx_word' id='word_1_210' title='bbox 280 2499 404 2577; x_wconf 86' lang='lat' dir='ltr'><strong>singulis</strong></span> <span class='ocrx_word' id='word_1_211' title='bbox 427 2503 615 2580; x_wconf 85' lang='lat' dir='ltr'><strong>negotiorum</strong></span> <span class='ocrx_word' id='word_1_212' title='bbox 637 2503 825 2581; x_wconf 88' lang='lat' dir='ltr'><strong>gestoribus,</strong></span> <span class='ocrx_word' id='word_1_213' title='bbox 846 2501 1109 2579; x_wconf 88' lang='lat' dir='ltr'><strong>procuratoribus,</strong></span> <span class='ocrx_word' id='word_1_214' title='bbox 1125 2507 1156 2559; x_wconf 88' lang='lat' dir='ltr'><strong>et</strong></span> 
     </span>
     <span class='ocr_line' id='line_1_29' title="bbox 146 2585 1157 2664; baseline -0.002 -18"><span class='ocrx_word' id='word_1_215' title='bbox 146 2585 373 2662; x_wconf 83' lang='lat' dir='ltr'><strong>expeditoribus</strong></span> <span class='ocrx_word' id='word_1_216' title='bbox 399 2610 413 2640; x_wconf 81' lang='lat' dir='ltr'><strong>r</strong></span> <span class='ocrx_word' id='word_1_217' title='bbox 439 2588 618 2649; x_wconf 86' lang='lat' dir='ltr'><strong>Litterarum</strong></span> <span class='ocrx_word' id='word_1_218' title='bbox 648 2587 894 2664; x_wconf 85' lang='lat' dir='ltr'><strong>apostolicarum,</strong></span> <span class='ocrx_word' id='word_1_219' title='bbox 919 2587 1008 2644; x_wconf 90' lang='lat' dir='ltr'><strong>etiam</strong></span> <span class='ocrx_word' id='word_1_220' title='bbox 1030 2585 1157 2644; x_wconf 78' lang='lat' dir='ltr'><strong>Davana</strong></span> 
     </span>
     <span class='ocr_line' id='line_1_30' title="bbox 147 2667 1154 2750; baseline -0.001 -23"><span class='ocrx_word' id='word_1_221' title='bbox 147 2694 162 2721; x_wconf 77' lang='grc' dir='ltr'><strong>ι</strong></span> <span class='ocrx_word' id='word_1_222' title='bbox 188 2678 317 2738; x_wconf 73' lang='lat' dir='ltr'><strong>nostrae,</strong></span> <span class='ocrx_word' id='word_1_223' title='bbox 335 2677 370 2730; x_wconf 87' lang='lat' dir='ltr'><strong>ut</strong></span> <span class='ocrx_word' id='word_1_224' title='bbox 392 2668 460 2731; x_wconf 87' lang='lat' dir='ltr'><strong>edm</strong></span> <span class='ocrx_word' id='word_1_225' title='bbox 475 2673 621 2750; x_wconf 88' lang='lat' dir='ltr'><strong>supplices</strong></span> <span class='ocrx_word' id='word_1_226' title='bbox 643 2687 743 2749; x_wconf 87' lang='lat' dir='ltr'><strong>preces</strong></span> <span class='ocrx_word' id='word_1_227' title='bbox 759 2687 813 2746; x_wconf 94' lang='lat' dir='ltr'><strong>pro</strong></span> <span class='ocrx_word' id='word_1_228' title='bbox 831 2670 930 2747; x_wconf 85' lang='lat' dir='ltr'><strong>aliqua</strong></span> <span class='ocrx_word' id='word_1_229' title='bbox 947 2667 1154 2727; x_wconf 77' lang='lat' dir='ltr'><strong>matrImoniali</strong></span> 
     </span>
     <span class='ocr_line' id='line_1_31' title="bbox 146 2751 1156 2834; baseline 0.006 -26"><span class='ocrx_word' id='word_1_230' title='bbox 146 2780 163 2808; x_wconf 66' lang='lat' dir='ltr'><strong>a</strong></span> <span class='ocrx_word' id='word_1_231' title='bbox 189 2753 407 2831; x_wconf 89' lang='lat' dir='ltr'><strong>dispensatione</strong></span> <span class='ocrx_word' id='word_1_232' title='bbox 432 2757 596 2834; x_wconf 90' lang='lat' dir='ltr'><strong>porrecturi</strong></span> <span class='ocrx_word' id='word_1_233' title='bbox 618 2764 716 2826; x_wconf 88' lang='lat' dir='ltr'><strong>sunt,</strong></span> <span class='ocrx_word' id='word_1_234' title='bbox 743 2755 774 2814; x_wconf 94' lang='lat' dir='ltr'><strong>id</strong></span> <span class='ocrx_word' id='word_1_235' title='bbox 802 2751 934 2832; x_wconf 84' lang='lat' dir='ltr'><strong>primdm</strong></span> <span class='ocrx_word' id='word_1_236' title='bbox 959 2759 1027 2833; x_wconf 88' lang='lat' dir='ltr'><strong>ante</strong></span> <span class='ocrx_word' id='word_1_237' title='bbox 1057 2752 1156 2814; x_wconf 81' lang='lat' dir='ltr'><strong>omnia</strong></span> 
     </span>
     <span class='ocr_line' id='line_1_32' title="bbox 146 2837 1155 2920; baseline 0.011 -28"><span class='ocrx_word' id='word_1_238' title='bbox 146 2865 162 2892; x_wconf 66' lang='lat' dir='ltr'><strong>a</strong></span> <span class='ocrx_word' id='word_1_239' title='bbox 188 2846 298 2916; x_wconf 89' lang='lat' dir='ltr'><strong>agant,</strong></span> <span class='ocrx_word' id='word_1_240' title='bbox 318 2847 351 2897; x_wconf 86' lang='lat' dir='ltr'><strong>ut</strong></span> <span class='ocrx_word' id='word_1_241' title='bbox 379 2840 496 2916; x_wconf 87' lang='lat' dir='ltr'><strong>plenam</strong></span> <span class='ocrx_word' id='word_1_242' title='bbox 526 2851 614 2920; x_wconf 87' lang='lat' dir='ltr'><strong>atque</strong></span> <span class='ocrx_word' id='word_1_243' title='bbox 643 2846 775 2901; x_wconf 83' lang='lat' dir='ltr'><strong>exactam</strong></span> <span class='ocrx_word' id='word_1_244' title='bbox 793 2837 861 2898; x_wconf 83' lang='lat' dir='ltr'><strong>iacti</strong></span> <span class='ocrx_word' id='word_1_245' title='bbox 884 2838 1019 2899; x_wconf 85' lang='lat' dir='ltr'><strong>notitiam</strong></span> <span class='ocrx_word' id='word_1_246' title='bbox 1044 2842 1155 2919; x_wconf 86' lang='lat' dir='ltr'><strong>assequi</strong></span> 
     </span>
     <span class='ocr_line' id='line_1_33' title="bbox 116 2921 1156 3004; baseline 0.009 -26"><span class='ocrx_word' id='word_1_247' title='bbox 116 2942 120 2957; x_wconf 88' lang='lat'>·</span> <span class='ocrx_word' id='word_1_248' title='bbox 145 2948 163 2978; x_wconf 72' lang='grc' dir='ltr'><strong>ι»</strong></span> <span class='ocrx_word' id='word_1_249' title='bbox 189 2929 314 2993; x_wconf 87' lang='lat' dir='ltr'><strong>curent,</strong></span> <span class='ocrx_word' id='word_1_250' title='bbox 327 2923 502 2985; x_wconf 87' lang='lat' dir='ltr'><strong>sciscitantes</strong></span> <span class='ocrx_word' id='word_1_251' title='bbox 515 2926 552 2985; x_wconf 92' lang='lat' dir='ltr'><strong>ab</strong></span> <span class='ocrx_word' id='word_1_252' title='bbox 565 2927 635 3004; x_wconf 92' lang='lat' dir='ltr'><strong>ipsis</strong></span> <span class='ocrx_word' id='word_1_253' title='bbox 649 2923 837 2995; x_wconf 89' lang='lat' dir='ltr'><strong>oratoribus,</strong></span> <span class='ocrx_word' id='word_1_254' title='bbox 849 2940 886 2982; x_wconf 91' lang='lat' dir='ltr'><strong>aa</strong></span> <span class='ocrx_word' id='word_1_255' title='bbox 898 2921 943 2983; x_wconf 89' lang='lat' dir='ltr'><strong>bae</strong></span> <span class='ocrx_word' id='word_1_256' title='bbox 954 2923 1051 2984; x_wconf 83' lang='lat' dir='ltr'><strong>etittae</strong></span> <span class='ocrx_word' id='word_1_257' title='bbox 1064 2943 1156 2988; x_wconf 72' lang='lat' dir='ltr'><strong>causae</strong></span> 
     </span>
     <span class='ocr_line' id='line_1_34' title="bbox 146 3004 1155 3087; baseline 0.011 -25"><span class='ocrx_word' id='word_1_258' title='bbox 146 3032 164 3062; x_wconf 66' lang='lat' dir='ltr'><strong>a</strong></span> <span class='ocrx_word' id='word_1_259' title='bbox 191 3004 311 3077; x_wconf 88' lang='lat' dir='ltr'><strong>adsint,</strong></span> <span class='ocrx_word' id='word_1_260' title='bbox 336 3008 496 3084; x_wconf 85' lang='lat' dir='ltr'><strong>exquibus</strong></span> <span class='ocrx_word' id='word_1_261' title='bbox 519 3011 616 3071; x_wconf 90' lang='lat' dir='ltr'><strong>sciunt</strong></span> <span class='ocrx_word' id='word_1_262' title='bbox 640 3011 888 3087; x_wconf 88' lang='lat' dir='ltr'><strong>dispensationem</strong></span> <span class='ocrx_word' id='word_1_263' title='bbox 911 3009 1032 3070; x_wconf 91' lang='lat' dir='ltr'><strong>concedi</strong></span> <span class='ocrx_word' id='word_1_264' title='bbox 1062 3013 1155 3073; x_wconf 76' lang='lat' dir='ltr'><strong>solere</strong></span> 
     </span>
     <span class='ocr_line' id='line_1_35' title="bbox 148 3086 1158 3177; baseline 0.013 -31"><span class='ocrx_word' id='word_1_265' title='bbox 148 3116 165 3145; x_wconf 79' lang='lat'><strong>»</strong></span> <span class='ocrx_word' id='word_1_266' title='bbox 193 3089 227 3148; x_wconf 94' lang='lat' dir='ltr'><strong>in</strong></span> <span class='ocrx_word' id='word_1_267' title='bbox 243 3086 300 3149; x_wconf 87' lang='lat' dir='ltr'><strong>boc</strong></span> <span class='ocrx_word' id='word_1_268' title='bbox 317 3091 365 3149; x_wconf 90' lang='lat' dir='ltr'><strong>vel</strong></span> <span class='ocrx_word' id='word_1_269' title='bbox 384 3092 436 3153; x_wconf 93' lang='lat' dir='ltr'><strong>illo</strong></span> <span class='ocrx_word' id='word_1_270' title='bbox 453 3093 563 3169; x_wconf 83' lang='lat' dir='ltr'><strong>gradu,</strong></span> <span class='ocrx_word' id='word_1_271' title='bbox 583 3095 691 3154; x_wconf 85' lang='lat' dir='ltr'><strong>deinde</strong></span> <span class='ocrx_word' id='word_1_272' title='bbox 714 3095 747 3154; x_wconf 90' lang='lat' dir='ltr'><strong>in</strong></span> <span class='ocrx_word' id='word_1_273' title='bbox 765 3095 889 3175; x_wconf 88' lang='lat' dir='ltr'><strong>supplici</strong></span> <span class='ocrx_word' id='word_1_274' title='bbox 904 3095 1003 3157; x_wconf 93' lang='lat' dir='ltr'><strong>libello</strong></span> <span class='ocrx_word' id='word_1_275' title='bbox 1014 3097 1083 3158; x_wconf 85' lang='lat' dir='ltr'><strong>iacti</strong></span> <span class='ocrx_word' id='word_1_276' title='bbox 1096 3116 1158 3177; x_wconf 91' lang='lat' dir='ltr'><strong>spe·</strong></span> 
     </span>
     <span class='ocr_line' id='line_1_36' title="bbox 148 3172 1155 3262; baseline 0.011 -31"><span class='ocrx_word' id='word_1_277' title='bbox 148 3199 165 3228; x_wconf 69' lang='lat' dir='ltr'><strong>a</strong></span> <span class='ocrx_word' id='word_1_278' title='bbox 193 3173 270 3233; x_wconf 90' lang='lat' dir='ltr'><strong>ciem</strong></span> <span class='ocrx_word' id='word_1_279' title='bbox 289 3172 401 3246; x_wconf 75' lang='lat' dir='ltr'><strong>nitide,</strong></span> <span class='ocrx_word' id='word_1_280' title='bbox 418 3195 451 3236; x_wconf 90' lang='lat' dir='ltr'><strong>ac</strong></span> <span class='ocrx_word' id='word_1_281' title='bbox 475 3177 588 3259; x_wconf 68' lang='lat' dir='ltr'><strong>sincere</strong></span> <span class='ocrx_word' id='word_1_282' title='bbox 603 3188 766 3258; x_wconf 87' lang='lat' dir='ltr'><strong>exponant,</strong></span> <span class='ocrx_word' id='word_1_283' title='bbox 784 3191 962 3261; x_wconf 84' lang='lat' dir='ltr'><strong>caveantque</strong></span> <span class='ocrx_word' id='word_1_284' title='bbox 980 3181 1155 3262; x_wconf 80' lang='lat' dir='ltr'><strong>diligenter,</strong></span> 
     </span>
     <span class='ocr_line' id='line_1_37' title="bbox 147 3258 1155 3338; baseline 0.01 -25"><span class='ocrx_word' id='word_1_285' title='bbox 147 3283 164 3313; x_wconf 67' lang='lat' dir='ltr'><strong>a</strong></span> <span class='ocrx_word' id='word_1_286' title='bbox 192 3275 233 3318; x_wconf 91' lang='lat' dir='ltr'><strong>nc</strong></span> <span class='ocrx_word' id='word_1_287' title='bbox 262 3258 345 3318; x_wconf 91' lang='lat' dir='ltr'><strong>illam</strong></span> <span class='ocrx_word' id='word_1_288' title='bbox 368 3259 553 3338; x_wconf 85' lang='lat' dir='ltr'><strong>aliquatends</strong></span> <span class='ocrx_word' id='word_1_289' title='bbox 578 3262 610 3323; x_wconf 92' lang='lat' dir='ltr'><strong>in</strong></span> <span class='ocrx_word' id='word_1_290' title='bbox 631 3262 721 3324; x_wconf 89' lang='lat' dir='ltr'><strong>rebus</strong></span> <span class='ocrx_word' id='word_1_291' title='bbox 739 3265 979 3328; x_wconf 87' lang='lat' dir='ltr'><strong>substantialibus</strong></span> <span class='ocrx_word' id='word_1_292' title='bbox 1008 3267 1155 3332; x_wconf 86' lang='lat' dir='ltr'><strong>alterent,</strong></span> 
     </span>
     <span class='ocr_line' id='line_1_38' title="bbox 146 3342 1159 3428; baseline 0.004 -29"><span class='ocrx_word' id='word_1_293' title='bbox 146 3368 165 3397; x_wconf 66' lang='lat' dir='ltr'><strong>s</strong></span> <span class='ocrx_word' id='word_1_294' title='bbox 191 3342 374 3416; x_wconf 88' lang='lat' dir='ltr'><strong>immutent,</strong></span> <span class='ocrx_word' id='word_1_295' title='bbox 394 3345 562 3419; x_wconf 88' lang='lat' dir='ltr'><strong>invertant,</strong></span> <span class='ocrx_word' id='word_1_296' title='bbox 579 3359 788 3428; x_wconf 88' lang='lat' dir='ltr'><strong>corrumpant,</strong></span> <span class='ocrx_word' id='word_1_297' title='bbox 804 3349 856 3410; x_wconf 91' lang='lat' dir='ltr'><strong>scd</strong></span> <span class='ocrx_word' id='word_1_298' title='bbox 877 3349 977 3412; x_wconf 73' lang='lat' dir='ltr'><strong>stricti</strong></span> <span class='ocrx_word' id='word_1_299' title='bbox 992 3349 1159 3408; x_wconf 70' lang='lat' dir='ltr'><strong>adhereant</strong></span> 
     </span>
     <span class='ocr_line' id='line_1_39' title="bbox 149 3426 1158 3513; baseline 0.005 -31"><span class='ocrx_word' id='word_1_300' title='bbox 149 3452 167 3480; x_wconf 68' lang='lat' dir='ltr'><strong>a</strong></span> <span class='ocrx_word' id='word_1_301' title='bbox 193 3426 256 3495; x_wconf 90' lang='lat' dir='ltr'><strong>iis,</strong></span> <span class='ocrx_word' id='word_1_302' title='bbox 279 3444 348 3504; x_wconf 81' lang='lat' dir='ltr'><strong>qnoe</strong></span> <span class='ocrx_word' id='word_1_303' title='bbox 368 3427 406 3489; x_wconf 92' lang='lat' dir='ltr'><strong>ab</strong></span> <span class='ocrx_word' id='word_1_304' title='bbox 430 3431 594 3492; x_wconf 89' lang='lat' dir='ltr'><strong>oratoribus</strong></span> <span class='ocrx_word' id='word_1_305' title='bbox 610 3433 667 3493; x_wconf 89' lang='lat' dir='ltr'><strong>sibi</strong></span> <span class='ocrx_word' id='word_1_306' title='bbox 689 3436 818 3513; x_wconf 85' lang='lat' dir='ltr'><strong>exposita</strong></span> <span class='ocrx_word' id='word_1_307' title='bbox 841 3435 982 3503; x_wconf 85' lang='lat' dir='ltr'><strong>fuerunt,</strong></span> <span class='ocrx_word' id='word_1_308' title='bbox 1009 3439 1038 3488; x_wconf 89' lang='lat' dir='ltr'><strong>et</strong></span> <span class='ocrx_word' id='word_1_309' title='bbox 1063 3426 1158 3487; x_wconf 80' lang='lat' dir='ltr'><strong>matta</strong></span> 
     </span>
     <span class='ocr_line' id='line_1_40' title="bbox 147 3509 1158 3596; baseline -0.005 -26"><span class='ocrx_word' id='word_1_310' title='bbox 147 3538 164 3566; x_wconf 72' lang='lat' dir='ltr'><strong>a</strong></span> <span class='ocrx_word' id='word_1_311' title='bbox 193 3510 287 3588; x_wconf 87' lang='lat' dir='ltr'><strong>magis</strong></span> <span class='ocrx_word' id='word_1_312' title='bbox 305 3511 493 3588; x_wconf 88' lang='lat' dir='ltr'><strong>abstineant,</strong></span> <span class='ocrx_word' id='word_1_313' title='bbox 516 3533 554 3577; x_wconf 87' lang='lat' dir='ltr'><strong>ne</strong></span> <span class='ocrx_word' id='word_1_314' title='bbox 575 3518 647 3595; x_wconf 89' lang='lat' dir='ltr'><strong>qaid</strong></span> <span class='ocrx_word' id='word_1_315' title='bbox 667 3518 730 3576; x_wconf 80' lang='lat' dir='ltr'><strong>salsi</strong></span> <span class='ocrx_word' id='word_1_316' title='bbox 752 3527 803 3577; x_wconf 87' lang='lat' dir='ltr'><strong>aut</strong></span> <span class='ocrx_word' id='word_1_317' title='bbox 826 3517 886 3578; x_wconf 89' lang='lat' dir='ltr'><strong>ticti</strong></span> <span class='ocrx_word' id='word_1_318' title='bbox 905 3514 1026 3596; x_wconf 85' lang='lat' dir='ltr'><strong>proprio</strong></span> <span class='ocrx_word' id='word_1_319' title='bbox 1040 3509 1158 3586; x_wconf 88' lang='lat' dir='ltr'><strong>ingenio</strong></span> 
     </span>
     <span class='ocr_line' id='line_1_41' title="bbox 149 3592 1157 3682; baseline 0.01 -25"><span class='ocrx_word' id='word_1_320' title='bbox 149 3621 166 3650; x_wconf 73' lang='lat' dir='ltr'><strong>a</strong></span> <span class='ocrx_word' id='word_1_321' title='bbox 194 3594 353 3658; x_wconf 79' lang='lat' dir='ltr'><strong>inventum</strong></span> <span class='ocrx_word' id='word_1_322' title='bbox 372 3599 419 3661; x_wconf 87' lang='lat' dir='ltr'><strong>vcl</strong></span> <span class='ocrx_word' id='word_1_323' title='bbox 438 3602 634 3682; x_wconf 86' lang='lat' dir='ltr'><strong>excogitatum</strong></span> <span class='ocrx_word' id='word_1_324' title='bbox 659 3601 698 3661; x_wconf 88' lang='lat' dir='ltr'><strong>ad</strong></span> <span class='ocrx_word' id='word_1_325' title='bbox 728 3601 854 3680; x_wconf 89' lang='lat' dir='ltr'><strong>gratiam</strong></span> <span class='ocrx_word' id='word_1_326' title='bbox 871 3593 1099 3676; x_wconf 42' lang='lat' dir='ltr'><strong>dispensationis,</strong></span> <span class='ocrx_word' id='word_1_327' title='bbox 1115 3592 1157 3653; x_wconf 74' lang='lat' dir='ltr'><strong>sss·</strong></span> 
     </span>
    </p>
   </div>
   <div class='ocr_carea' id='block_1_4' title="bbox 0 0 1336 4150">
    <p class='ocr_par' dir='ltr' id='par_1_4' title="bbox 0 0 1336 4150">
     <span class='ocr_line' id='line_1_42' title="bbox 0 0 1336 4150; baseline 0 0"><span class='ocrx_word' id='word_1_328' title='bbox 0 0 1336 4150; x_wconf 95' lang='lat' dir='ltr'><strong> </strong></span> 
     </span>
    </p>
   </div>
  </div>
 </body>
</html>
