2642 4150
469 235 696 324 Poroseoundo.
712 259 863 340 Coptrtll.
926 241 931 248 ⁴
1107 260 1160 319 l‘il

154 387 282 437 murore
295 379 528 429 commemorare
548 379 609 422 non
630 379 796 439 possumus.
823 363 1042 439 impugnantur
1066 359 1165 436 impu·

155 447 330 520 dentissimb
343 445 522 508 sanctissima
538 443 600 522 ejus
619 444 754 523 dogmata
767 453 797 503 et
810 453 955 522 precepta
969 464 977 501 ε
995 441 1060 519 ejus
1069 441 1166 519 digni·

154 551 198 600 tas
221 540 400 598 extenuatur
417 551 426 589 ε
444 538 474 591 et
502 548 559 608 par
583 530 631 590 illa
656 538 685 589 et
716 529 859 600 felicitas,
884 530 943 602 qua
962 533 1016 589 suo
1037 526 1165 606 quodam

152 625 222 702 jure
244 618 305 681 srui
334 615 477 686 deberet,
503 630 563 673 uon
594 612 788 692 perturbator
817 612 932 685 modb,
959 612 1011 673 sed
1042 608 1166 672 omnind

156 706 313 770 evertitur.
341 700 404 761 Nec
423 697 589 778 putandum
618 707 685 768 est,
707 698 806 757 omnia
832 696 893 757 bec
922 698 1023 769 mala,
1050 695 1166 771 aliaque

117 843 122 857 ,
155 809 221 871 qum
241 786 438 869 praetermissa
461 780 581 842 duobis
600 790 692 850 sunt,
718 782 905 842 clandestinis
925 781 972 843 bis
993 782 1078 842 sectis
1098 797 1166 858 per·

154 874 256 955 perium
276 879 308 932 ct
326 886 380 948 per
402 866 580 927 calumniam
603 865 739 925 adscribi.
754 865 854 934 Libri,
875 884 949 945 quos
965 866 1003 926 de
1022 866 1167 943 religione

155 969 185 1020 et
201 956 354 1037 republica
376 952 508 1013 scribere
523 968 584 1009 non
603 950 777 1010 dubitarunt
800 951 852 1027 qui
876 949 923 1010 his
950 952 1035 1011 scetis
1055 966 1165 1010 nomen

157 1042 337 1115 dederunt,
367 1037 476 1115 quibus
507 1033 739 1094 dominationem
774 1045 947 1112 spernunt,
985 1033 1166 1110 majestatem

158 1122 381 1202 blasphemant,
395 1118 545 1180 Christum
568 1126 665 1177 autem
687 1118 734 1177 vel
756 1118 925 1179 scandalum
945 1119 991 1178 rel
1010 1117 1167 1176 stultitiam

158 1208 316 1276 dictitant,
341 1204 402 1265 imb
428 1220 488 1264 non
514 1201 582 1263 rard
616 1203 733 1261 nullum
761 1221 822 1261 esse
848 1204 964 1276 Deum,
986 1212 1016 1263 et
1040 1200 1168 1262 bominis

157 1290 432 1353 animamnndeum
451 1301 574 1363 corpore
593 1287 719 1345 interire
739 1284 1166 1365 doeent3codieesetstatuta,

158 1376 267 1455 quibus
285 1392 336 1433 sua
354 1372 471 1432 consilia
491 1377 521 1431 ct
538 1370 672 1429 instituta
697 1370 866 1447 explicant,
886 1370 988 1448 aperte
1001 1371 1167 1435 declarant,

158 1468 266 1519 earnem
284 1455 420 1533 quaejam
438 1454 691 1520 memoravimus,
722 1463 751 1513 et
771 1472 837 1529 quac
860 1454 896 1513 ad
925 1454 1071 1532 legitimos
1091 1452 1170 1531 prin·

161 1543 278 1619 cipatus
299 1538 508 1599 labeiaelandos
533 1546 563 1597 et
586 1538 743 1597 Ecclesiam
769 1535 902 1597 funditus
925 1535 1080 1597 delendam
1105 1552 1170 1612 spe·

161 1634 264 1701 etant,
293 1624 329 1683 ab
354 1625 388 1684 iis
409 1623 565 1701 prolieisci.
595 1625 692 1701 Atque
712 1622 767 1684 boc
786 1622 878 1683 veluti
903 1631 1018 1683 certum
1035 1621 1170 1701 explora·

158 1721 285 1786 tumque
301 1707 468 1768 babendum
490 1717 554 1777 est,
572 1706 624 1766 bas
641 1718 755 1783 sectas,
781 1706 849 1768 licta
873 1709 994 1769 nominc
1018 1707 1167 1776 diversos,

158 1796 273 1855 nelarie
284 1802 382 1853 lamen
394 1792 662 1870 impurissimorum
674 1794 866 1854 consiliorum
882 1794 1002 1855 vinculo
1016 1811 1078 1856 esse
1090 1792 1169 1853 inter

158 1899 193 1940 se
214 1878 394 1955 conjunctas.

200 1961 273 2038 Quae
295 1962 362 2023 eiam
388 1964 427 2022 ita
450 1963 531 2034 sint,
558 1979 612 2023 nos
631 1965 764 2028 rnuneris
790 1964 883 2024 nostri
906 1982 969 2025 csse
994 1980 1169 2029 censemus,

160 2045 274 2110 iterium
291 2046 483 2107 clandestinas
507 2046 667 2109 bassecles
695 2046 912 2121 condemnare,
931 2056 1019 2126 atque
1046 2049 1085 2106 ita
1103 2045 1170 2123 qui·

161 2134 257 2204 dem,
274 2140 310 2192 ut
332 2131 414 2192 nulla
435 2149 471 2192 ex
490 2132 526 2192 iis
537 2132 648 2209 jactare
666 2135 777 2213 possit,
797 2150 829 2193 se
853 2132 1010 2210 apostolica
1027 2131 1171 2190 sementia

158 2227 263 2278 nostra
280 2234 341 2278 non
361 2215 594 2294 comprehendi,
618 2227 707 2296 atque
729 2217 786 2278 boe
808 2227 952 2296 praetextu
972 2216 1107 2278 homines
1124 2214 1171 2274 in·

157 2304 261 2362 eanto's
281 2311 312 2360 et
331 2299 431 2360 minias
446 2308 545 2361 acutos
564 2301 596 2361 in
616 2315 748 2363 errorem
770 2304 918 2362 inducero.

203 2386 305 2464 llaque
317 2384 356 2444 de
367 2385 708 2446 consiliovcnerabilium
718 2389 854 2447 Fratrum
866 2395 1036 2447 nostrorum
1049 2387 1079 2446 S.
1089 2388 1123 2446 il.
1135 2387 1169 2445 E.

159 2467 384 2539 cardinalium,
411 2478 442 2528 et
459 2469 548 2528 etiam
569 2481 652 2531 motu
684 2472 825 2548 proprio,
847 2481 876 2530 et
898 2480 977 2530 certa
998 2464 1121 2530 'scientia
1138 2487 1172 2530 ae

161 2562 280 2614 matura
295 2552 505 2613 deliberatione
517 2562 616 2614 nostra
630 2598 639 2628 ,
658 2554 810 2614 societates
831 2554 959 2613 occultas
972 2569 1075 2613 omnes
1089 2595 1097 2620 ,
1110 2559 1171 2610 tam

164 2656 236 2715 quoe
265 2655 344 2697 nune
368 2644 458 2710 sunt,
483 2636 572 2715 quiam
598 2657 665 2716 quae
686 2639 807 2697 sortasse
829 2636 967 2713 deinceps
991 2641 1171 2712 erumpent,

158 2729 200 2782 ct
221 2740 288 2800 quae
313 2719 355 2781 ca'
369 2721 425 2781 sibi
444 2720 583 2783 adversds
601 2721 758 2782 Ecclesiam
775 2729 806 2780 et
828 2736 979 2798 supremas
1003 2718 1103 2778 civiles
1118 2736 1173 2798 po·

164 2813 286 2867 testatos
310 2813 483 2883 proponunt
506 2824 571 2882 quae
594 2803 731 2885 superiirs
753 2802 1071 2876 commemoravimus,
1099 2819 1174 2881 quo·

163 2906 294 2967 eumque
315 2889 434 2949 tandem
451 2889 571 2950 nomine
595 2890 804 2969 appellentur,
827 2906 881 2949 nos
904 2886 1049 2969 perpetui
1070 2885 1174 2968 prohi-

163 2973 271 3033 bemus
286 2972 342 3032 sub
352 2973 463 3033 eisdem
484 2976 579 3054 poenis
595 3020 604 3048 ,
619 2995 686 3053 quaa
710 2975 906 3035 continentur.
925 2974 1172 3053 praedeeessorum

164 3064 338 3118 nostrorum
358 3059 464 3118 littoris
486 3060 517 3119 in
541 3057 596 3120 bae
617 3070 718 3121 nostra
739 3061 947 3123 constitutione
971 3059 1171 3138 jamdictis,

163 3159 239 3219 quas
260 3141 396 3220 expressi
414 3141 632 3206 confirmamus.

204 3226 347 3299 Quocirca
358 3226 496 3287 omnibus
510 3237 540 3287 et
552 3230 675 3309 singulis
688 3230 795 3294 Christi
809 3230 946 3294 fidelibus
964 3233 1173 3312 cujuscumque

162 3316 277 3386 status,
304 3311 432 3389 gradus,
457 3311 659 3389 conditionis,
681 3316 812 3390 ordinis,
833 3318 1006 3398 dignitatis,
1027 3336 1061 3378 ac
1080 3332 1173 3393 preo-

165 3393 343 3473 minentiac,
367 3396 428 3456 sire
452 3396 553 3467 laicis,
575 3399 636 3460 sive
660 3401 773 3461 clericis
793 3408 854 3461 tam
878 3403 1066 3462 secularibus
1083 3393 1173 3471 qufim

164 3477 378 3554 regularibus,
404 3479 495 3540 etiam
517 3482 651 3558 specifica
678 3493 708 3545 ct
733 3483 884 3545 individua
905 3485 1055 3544 mentione
1075 3485 1104 3536 et
1123 3493 1174 3536 ex·

166 3562 320 3639 pressione
340 3562 461 3642 dignis,
478 3564 610 3627 districte
630 3578 660 3628 et
682 3569 714 3628 in
733 3568 845 3627 uirtute
866 3573 972 3626 sanctu
1000 3558 1174 3622 obedientiae

168 3645 379 3726 prorupimus,
400 3665 438 3707 ae
456 3649 522 3726 quis
540 3650 595 3713 aab
611 3652 715 3730 quovis
726 3658 870 3728 praetecta
883 3656 933 3707 aut
945 3645 1066 3719 quesita
1079 3643 1175 3705 colore
