2642 4150
454 215 1157 300 Paresacaiircla.caput11109

150 291 318 400 receptare,
330 319 421 395 atqua
433 319 618 392 occultare
609 319 645 378 iis
661 320 785 381 adscribi
796 315 986 397 ‚ogga-agari,
1000 325 1051 378 aut
1064 320 1157 380 intar-

149 423 231 477 esse,
257 404 306 464 vel
327 409 504 481 potestatem
524 420 576 462 scu
606 404 845 464 commoditatem
877 404 972 463 iacere
995 411 1028 464 ut
1049 403 1156 465 alicubi

148 489 369 558 convocentur,
379 486 486 546 iisdem
502 487 615 565 aliquid
630 489 815 565 ministrare,
828 490 890 548 siae
902 487 972 549 aliis
981 490 1155 558 consilium,

147 572 311 647 auxilium,
334 572 382 633 vel
407 572 540 633 savorem
562 574 659 653 palam
682 582 733 633 aut
765 575 797 634 in
820 575 957 646 occulto,
979 573 1090 637 directi
1109 576 1156 637 rel

146 658 313 728 indirecta,
335 675 390 735 per
410 674 441 716 se
454 658 502 716 vel
516 674 569 735 per
590 659 663 718 alios
686 659 911 735 quoquomodo
931 670 1087 738 praestare,
1102 678 1156 721 nec

146 761 208 804 nun
225 744 300 803 alios
319 741 451 816 hortari,
468 742 626 816 inducere,
651 761 829 822 provocans,
845 752 896 803 aut
914 743 1037 806 suadere
1054 755 1089 805 ut
1103 745 1156 806 bu·

142 827 276 905 jusmodi
295 826 485 887 societatibus
497 825 719 899 adscribantur,
732 837 985 901 annumerentur,
999 846 1049 890 scu
1062 830 1154 890 inter·

145 912 229 980 sint,
246 913 296 972 vel
313 913 390 989 ipsas
413 910 634 988 quomodolibet
649 910 756 988 juvent
774 931 807 972 ac
819 913 955 984 luveant,
969 913 1019 973 scd
1032 915 1154 975 omniuo

144 994 183 1054 ab
200 996 305 1055 iisdem
318 995 522 1068 societatibus,
536 995 677 1067 coetibus,
691 997 901 1069 conventibus,
914 998 1151 1069 collectionibus,

147 1080 421 1159 aggregationibus,
436 1093 487 1138 seu
504 1080 714 1139 conventiculis
728 1081 849 1158 prorsuis
862 1082 1009 1142 abstinere
1022 1099 1053 1141 se
1064 1082 1154 1142 debu·

148 1174 220 1234 ant,
238 1165 293 1224 sub
312 1165 397 1242 puna
416 1164 727 1231 excommunicationis
745 1183 799 1243 per
817 1183 918 1226 ornnes
931 1176 965 1227 ut
981 1185 1068 1246 supra
1083 1184 1154 1228 con·

147 1250 333 1310 tralacicntcs
347 1250 411 1328 ipsu
430 1249 506 1309 facto
527 1250 636 1327 absque
656 1249 717 1308 ulla
737 1250 932 1311 declaratione
954 1251 1151 1323 incarnanda,

144 1337 163 1398 i
186 1355 246 1415 qua
269 1353 357 1396 nemo
379 1353 432 1415 per
456 1351 658 1413 quemquam,
684 1335 739 1394 nisi
763 1351 817 1412 per
840 1353 894 1396 nos
916 1352 967 1396 seu
983 1339 1152 1398 liumanum

143 1420 325 1481 Pontificem
337 1438 390 1497 pro
407 1428 541 1497 tempore
556 1420 759 1490 existentem,
772 1426 969 1496 praeterquam
984 1421 1015 1479 iu
1029 1420 1152 1481 articulo

148 1503 260 1566 mortis
277 1505 464 1576 constitutus,
483 1503 676 1564 absolutionis
695 1501 873 1562 beneficium
889 1502 984 1563 valeat
1005 1504 1151 1565 obtinere.

190 1588 334 1648 Volumus
354 1589 473 1668 insuper
495 1594 526 1647 ct
548 1586 722 1647 mandamus
743 1594 776 1647 ut
799 1593 858 1646 tam
878 1588 1010 1667 Episcopi
1029 1596 1059 1650 et
1077 1606 1152 1668 praa·

143 1675 200 1736 lati
224 1673 388 1752 superiores
411 1675 520 1751 aliique
545 1673 677 1732 locurum
701 1672 871 1742 Ordinarii,
895 1672 984 1752 quim
1007 1672 1152 1736 haereticae

97 1764 107 1776 “
143 1758 299 1838 pravitatis
309 1758 420 1836 ubique
430 1758 560 1817 locorum
572 1757 704 1835 deputati
715 1758 903 1835 inquisitores
912 1757 1049 1819 adversis
1061 1768 1152 1821 trans·

143 1860 308 1923 gressuros,
322 1842 532 1920 cujuscumque
541 1844 600 1900 sint
610 1841 717 1917 gradus
727 1886 735 1915 ,
746 1850 854 1912 status,
865 1843 1040 1903 conditionis
1051 1888 1059 1915 ,
1070 1844 1151 1904 ordi·

143 1928 210 1997 nis,
229 1926 400 2003 dignitatis,
419 1926 466 1985 vel
489 1926 739 2002 praeeminentiae,
754 1923 914 2005 procedant
932 1936 961 1985 et
977 1928 1148 2003 inquirant,

142 2030 254 2091 eosque
274 2020 415 2091 tanquam
435 2012 473 2071 da
494 2009 597 2071 boeresi
617 2009 807 2073 vehementer
826 2019 975 2092 suspectus
997 2010 1151 2089 condignis

141 2100 239 2181 poenis
258 2100 384 2176 puniant
401 2102 679 2177 atque'codreeantr
695 2100 731 2163 iis
749 2099 830 2158 enim
851 2107 880 2158 ct
902 2115 1010 2159 eurum·
1030 2097 1150 2158 cuilibet

141 2190 246 2243 contra
268 2184 387 2243 cosdem
411 2192 636 2261 transgressores
661 2183 839 2262 procedendi
866 2193 896 2244 et
920 2182 1091 2262 inquirendi
1116 2200 1149 2243 ae

139 2266 297 2344 condignis
318 2269 411 2346 poenis
435 2267 586 2329 coercendi
609 2277 639 2328 et
659 2269 822 2347 puniendi,
844 2268 977 2330 invocato
1002 2267 1148 2329 etiamad

139 2348 200 2410 boc
216 2350 251 2428 (si
268 2369 341 2429 opus
360 2350 461 2430 suerit)
483 2351 595 2413 brachii
612 2354 760 2415 saecularis
778 2353 904 2429 auxilio,
920 2353 1044 2414 liberam
1056 2352 1148 2414 facul-

139 2436 415 2496 tatem'tribuiinus
429 2445 458 2495 et
476 2437 674 2514 impertimur.

142 2546 145 2551 >
177 2519 323 2579 Volumus
337 2528 454 2592 autem,
468 2521 548 2596 quod
573 2521 743 2582 earumdem
756 2522 945 2599 presentium
956 2522 1148 2598 transumptis

138 2605 230 2663 ctiam
251 2605 416 2682 impressis,
436 2624 525 2666 manu
543 2607 669 2682 alicujus
692 2607 798 2666 notarii
822 2606 933 2683 publici
953 2605 1147 2681 subscriptis,

138 2699 170 2750 et
192 2689 289 2768 sigillo
310 2694 449 2768 personae·
462 2693 494 2751 in
516 2691 662 2768 dignitate
683 2690 876 2751 ecclesiastica
898 2689 1062 2748 constituta
1082 2709 1149 2750 mu·

138 2773 231 2849 nitis,
252 2774 354 2835 eadem
377 2774 499 2853 prursiis
519 2776 592 2837 tides
617 2774 815 2843 adhibeatur,
839 2792 905 2851 quae
927 2772 997 2852 ipsis
1019 2773 1148 2852 origina-

137 2860 219 2921 libus
237 2859 345 2921 litteris
360 2859 570 2932 adhiberetur,
590 2862 615 2921 si
636 2862 742 2931 iurent·
753 2858 891 2920 exhibitae
903 2859 950 2919 vel
964 2869 1097 2920 ostensae.

177 2945 260 3005 Nulli
277 2963 347 3024 ergo
367 2943 523 3004 bominum
542 2944 628 3007 liceat
646 2944 723 3005 banc
740 2946 877 3023 paginam
897 2952 1005 3005 nostra
1018 2945 1146 3006 declara·

136 3028 246 3096 tiunls,
261 3029 475 3099 damnationis,
487 3029 616 3091 mandati
626 3028 874 3109 ,p,rohibitiunis
887 3037 917 3090 et
931 3031 1146 3093 interdictionis

134 3113 300 3191 infringere
322 3115 370 3172 iel
394 3114 420 3173 ai
443 3132 516 3173 ausu
539 3117 697 3176 temerario
719 3118 890 3176 contraire.
909 3116 933 3177 si
958 3118 1023 3195 quis
1045 3128 1145 3180 autent

134 3195 195 3259 boe
209 3206 356 3258 attentare
368 3201 610 3276 praesumpserit,
623 3198 856 3278 indignationem
870 3202 1079 3297 omnipotentis
1091 3200 1144 3260 Dei

133 3300 169 3341 ac
205 3281 361 3343 beatorum
381 3282 460 3343 Patri
485 3289 517 3342 et
540 3285 622 3344 Pauli
655 3286 856 3386 apostolorum
880 3284 943 3363 ejus
968 3305 1000 3348 se
1026 3283 1145 3346 noverit

133 3365 369 3426 incursurum.
1159 3400 1162 3404 -

173 3452 285 3511 Datum
300 3452 416 3527 liomae,
436 3451 515 3530 apud
532 3460 663 3516 sanctam
682 3456 805 3516 Mariam
824 3456 984 3533 Majorcrn,
1004 3466 1082 3509 anno
1095 3448 1144 3505 1ss

127 3535 317 3596 carnationis
341 3536 503 3597 Dominicae
530 3539 688 3600 millesimo
713 3540 971 3617 septingentesimo
995 3530 1144 3608 trigesimo

131 3624 257 3694 mro,
271 3625 379 3699 quartu
390 3619 523 3687 calendas
535 3620 603 3701 maji
614 3662 622 3696 ,
635 3622 822 3702 pontificatus
834 3622 1017 3760 austrippnu
1029 3620 1142 3676 octavu
