2642 4150
182 156 241 216 tto
603 147 758 231 Appendic
869 167 872 172 ·

182 253 264 335 scopi
277 252 436 328 inserviat,
454 246 499 311 rel
516 249 722 311 internuncia
739 246 926 322 elericorum,
941 257 997 312 cut
1012 249 1050 316 ia
1077 251 1181 338 aliqua

181 333 299 413 schole,
313 333 359 396 vel
371 334 578 408 universitate,
600 330 634 391 cle
656 330 774 391 licentia
792 333 949 413 Episcopi,
966 335 1056 414 quari
1074 335 1108 400 in
1130 340 1181 398 oia
1227 338 1233 344 ’

182 415 223 479 ad
241 418 366 499 majores
388 415 504 477 ordines
525 412 727 494 suscipiendos
743 423 881 474 versetur.
904 422 1001 493 Atque
1019 416 1076 478 hoc
1090 422 1183 497 privi-

182 500 259 579 legio
277 500 405 579 gaudent
424 500 512 558 etiam
530 498 627 556 clerici
647 495 794 573 conjugati
819 498 870 575 qui
890 498 1027 560 deserunt
1047 500 1181 563 habitum

182 591 211 642 et
220 592 368 643 tonsuram
381 626 389 655 ‚
400 591 429 642 et
439 579 756 640 Ecclesiaeinserviunt:
767 578 870 640 verum
880 582 909 641 in
920 579 1078 663 eop.ult.de
1093 592 1179 664 temp.
1240 607 1245 612 “

183 662 288 725 ordia.
302 666 335 725 in
347 666 375 724 6.
390 663 564 743 prohibetur
586 663 749 738 conjugatis
768 669 904 733 tonsura,
920 666 976 723 nisi
996 667 1090 725 velint
1111 668 1183 726 rell·

181 747 298 823 pionem
316 748 429 824 ingredi
443 789 451 815 ‚
471 747 559 804 rolin
573 745 665 805 coeris
677 745 807 805 ordinari
818 746 925 823 pravis
939 749 1039 810 uxoris
1053 749 1180 811 licentii.

187 828 258 890 Vide
271 826 322 891 lib.
336 833 365 890 a.
387 849 420 889 u.
434 829 501 889 897.
514 829 547 886 iu
556 826 613 905 fin.
749 888 756 897 ,

219 914 269 972 99.
281 944 320 956 -
332 913 425 989 Igitur
440 912 594 989 privilegio
607 910 664 969 sori
685 910 814 989 gaudent
828 915 855 972 l.
868 911 1051 988 Beneficiuti,
1067 917 1180 979 etiamsi
1194 967 1196 970 .

182 996 256 1056 nulli
270 996 401 1056 Ecclesiae
417 995 599 1064 inserviant,
620 1012 716 1071 noque
738 995 871 1055 delerant
889 995 1021 1056 habitum
1039 1009 1069 1058 et
1081 1010 1182 1059 tonsu·

181 1096 263 1148 ram,
285 1087 318 1135 ut
334 1078 525 1156 probabiliter
543 1077 668 1136 infertur
688 1095 723 1136 ex
744 1079 884 1147 concillo,
908 1088 941 1138 ut
957 1080 1066 1146 ‚volunt
1086 1079 1140 1141 Sat
1170 1122 1180 1140 .

182 1179 247 1222 uem
260 1157 331 1220 Fili.
345 1159 466 1231 Diona,
480 1166 508 1218 et
520 1158 641 1238 Rodrip.
671 1158 811 1220 adversim
825 1162 915 1219 Suar.
938 1169 968 1221 et
987 1164 1098 1226 etiamsi
1120 1182 1182 1226 non

182 1243 346 1324 percipiant
357 1243 468 1302 fructus
487 1242 619 1300 beneficii
634 1285 642 1313 ,
655 1261 751 1320 neque
769 1243 935 1321 possideant
945 1264 954 1319 3
963 1245 1067 1306 sufficie
1078 1247 1181 1319 enim,

181 1325 261 1402 qudd
276 1327 370 1386 solnm
383 1326 500 1384 titulum
512 1323 656 1392 habeant,
670 1335 705 1383 ut
714 1324 798 1402 ajunt
810 1327 953 1401 Garoias,
966 1324 1180 1399 etFiile'uee'us,

182 1414 209 1466 ct
224 1407 329 1468 Diana
346 1415 449 1468 ceretro
460 1399 552 1467 Saloe.
568 1406 680 1465 Sufficit
700 1407 789 1466 etiam
804 1406 985 1485 capellania,
1003 1409 1049 1467 vel
1067 1412 1184 1486 praesti·

182 1491 336 1562 moniam,
350 1510 415 1567 quoe
430 1496 586 1548 censentur
600 1498 748 1566 tamquam
765 1508 834 1550 vera
853 1491 993 1550 beneficia
1017 1511 1025 1548 c
1049 1491 1100 1560 scd
1120 1509 1183 1550 non

183 1574 288 1633 sufficit
304 1574 414 1651 pensio.
434 1571 504 1632 Vide
517 1568 611 1631 satin.
625 1571 696 1633 ibid.
716 1592 748 1631 rt.
766 1575 814 1633 69.
829 1581 858 1633 et
871 1575 920 1632 65.
937 1592 1003 1633 cum
1022 1570 1102 1634 uilis.

220 1658 270 1716 95.
286 1684 326 1700 -·-
337 1655 469 1714 Gaudent
482 1657 511 1713 9.
524 1655 627 1714 Clerici
641 1656 674 1713 iu
688 1655 869 1728 minoribus,
880 1666 911 1716 et
925 1658 1066 1716 tonsurati
1077 1700 1085 1730 ‚
1095 1657 1184 1718 dum·

183 1739 271 1799 modo
287 1738 424 1796 habitum
441 1736 528 1795 simul
551 1745 580 1794 ot
600 1746 752 1797 tonsuram
774 1740 907 1798 delerant
918 1782 926 1810 ‚
937 1738 1021 1815 juxta
1040 1739 1088 1815 id,
1102 1741 1181 1816 quod

182 1821 308 1881 ailirmct
326 1821 502 1890 concilium,
520 1815 680 1880 clericalem
702 1820 856 1895 halitum,
876 1832 904 1890 ot
928 1831 1081 1883 tonsuram
1103 1821 1183 1901 delle·

183 1921 268 1977 rens,
287 1912 316 1962 et
334 1909 367 1961 ut
386 1900 568 1979 probahilicls
585 1905 755 1963 existimant
776 1907 861 1965 multi
878 1908 941 1964 DD.
960 1923 1027 1970 cum
1047 1905 1182 1983 Castrop.

182 1995 211 2045 ct
224 1985 379 2054 Barbosa,
397 1992 500 2045 contra
518 1982 624 2059 Salon,
639 1990 691 2064 qui
712 1989 944 2066 interpretantur
961 1989 1133 2066 particulam
1154 1996 1183 2049 et

182 2089 236 2149 pro
259 2070 401 2146 particula
424 2065 491 2137 vel,
515 2069 555 2128 ita
585 2081 617 2130 ut
642 2073 776 2145 sufficere
800 2075 900 2134 dicunt
921 2071 1183 2150 nummariae

183 2153 233 2214 tto.
248 2157 276 2214 6.
291 2174 322 2214 n.
343 2156 412 2214 897.
436 2152 597 2214 dummodd
614 2156 748 2217 Ecclesiae
769 2158 905 2218 similiter
924 2158 1103 2227 inserviant,
1128 2156 1182 2216 sed

182 2238 277 2314 quoad
290 2238 422 2296 Ecclesioe
438 2237 591 2299 servitium
604 2237 778 2315 (dummodo
788 2242 939 2318 spirituale
950 2241 990 2300 sit
1000 2282 1010 2309 ,
1022 2239 1091 2315 quis
1107 2245 1183 2298 tem·

181 2321 281 2398 porcile
302 2339 361 2379 non
384 2320 502 2395 sufficit)
521 2321 590 2379 satis
613 2331 675 2392 est,
697 2322 776 2399 qudd
799 2325 884 2383 alicui
908 2323 1102 2385 Ecclesiarum
1119 2338 1183 2378 ser·

180 2403 277 2470 uiant,
297 2403 408 2461 etiamsi
425 2400 486 2460 haec
505 2402 648 2465 destinata
669 2423 728 2464 non
747 2407 786 2465 sit
805 2407 842 2464 ab
859 2408 1017 2483 Episcopo,
1032 2412 1065 2462 ut
1083 2402 1183 2460 decla·

158 2536 160 2540 Α
181 2485 257 2557 ravit
269 2484 300 2543 S.
314 2484 346 2543 C.
356 2483 434 2561 apud
443 2483 529 2543 Card.
542 2485 735 2546 luntbertirei.
747 2491 790 2547 De
800 2487 917 2566 synodo
929 2486 951 2547 l.
965 2488 1014 2549 19.
1027 2503 1052 2547 c·
1063 2485 1094 2545 6.
1107 2502 1141 2542 tt.
1151 2485 1180 2543 5.

218 2567 267 2628 at.
278 2597 316 2612 -·
328 2568 366 2625 Ut
386 2565 455 2627 rard
469 2568 565 2627 clerici
585 2570 615 2626 in
637 2570 801 2629 minoribus
820 2570 971 2630 constituti
985 2568 1049 2628 toro
1061 2567 1182 2645 priven-

130 2702 132 2713 .
180 2659 229 2711 tur
243 2650 322 2728 (nam
333 2650 420 2708 aliud
437 2650 474 2708 de
493 2652 611 2710 canonis
627 2654 782 2730 privilegio
801 2652 969 2729 dicendum)
984 2667 1043 2709 uon
1055 2649 1183 2725 requiri·

181 2743 230 2793 tur
255 2734 332 2793 trina
351 2734 496 2803 monitio,
520 2735 587 2809 quia
601 2733 664 2791 hoee
681 2735 844 2811 requiritur
864 2733 979 2795 tantirm
997 2750 1051 2809 pro
1071 2731 1182 2789 benefi-

181 2816 279 2887 ciatis,
296 2825 327 2874 et
344 2833 398 2892 pro
416 2816 558 2874 ordinatis
571 2819 602 2875 in
619 2817 729 2893 sacris,
747 2826 781 2878 ut
798 2819 953 2879 deducitur
973 2835 1009 2875 ex
1020 2833 1046 2874 c.
1057 2813 1184 2874 Gentiu-

180 2898 245 2978 pte,
274 2895 309 2956 de
335 2897 478 2955 mutantia
500 2914 652 2969 ortuum„
681 2902 729 2959 vel
752 2917 807 2977 pro
837 2901 1017 2971 minoristis,
1040 2897 1092 2974 qui
1129 2914 1183 2955 ne-

148 3033 151 3040 .
180 2980 266 3057 galiis
299 2979 483 3038 saecularibus
510 2998 541 3039 se
576 2982 988 3052 addicunt„ut.habetur,
1015 2988 1053 3040 'ex
1075 2998 1101 3038 e.
1131 2982 1183 3038 Eo:

182 3060 303 3131 litteris,
318 3059 353 3119 de
375 3061 427 3120 cit.
449 3071 476 3120 et
494 3061 563 3122 leoco.
576 3062 669 3122 clorio.
685 3066 757 3125 Vide
770 3063 791 3123 l.
805 3067 834 3130 d.
851 3084 884 3125 re.
898 3068 967 3137 897,
978 3065 1028 3124 sed
1049 3065 1182 3135 suffieit,

181 3142 259 3221 quod
279 3143 411 3202 habitum
429 3155 459 3203 et
483 3156 633 3205 tonsuram
655 3148 841 3220 dimiserint,
857 3149 1106 3227 quemadmodum
1119 3150 1186 3224 plu·

180 3229 238 3285 ries
255 3225 413 3287 declaravit
427 3230 457 3287 S.
470 3231 503 3288 C.
518 3240 548 3288 et
561 3232 810 3306 quemadmodum
821 3234 1017 3292 communiter
1032 3232 1184 3291 affirmant

180 3311 245 3369 Dl).
259 3308 336 3386 apud
349 3311 434 3370 Cerd.
448 3310 630 3372 humbertitte'
643 3312 678 3371 de
689 3314 805 3392 Spreodo
824 3313 845 3374 l.
862 3318 910 3375 19.
925 3334 950 3374 c.
963 3319 993 3375 9.
1010 3334 1042 3373 rc.
1057 3317 1087 3371 i.
1102 3314 1185 3392 apud

179 3389 273 3451 Solea.
289 3400 327 3451 tr.
341 3394 371 3452 8.
389 3412 415 3453 o.
430 3395 460 3452 7.
468 3414 501 3474 p.
515 3396 544 3451 i.
557 3413 588 3452 o.
601 3397 834 3460 iiirDummodd
848 3418 903 3476 per
921 3399 1044 3475 longum
1063 3406 1185 3473 ternpus

179 3472 365 3549 dimiserint,
379 3485 413 3536 ut
425 3485 527 3538 notent
536 3473 630 3537 Salio.
643 3496 712 3539 curt
722 3483 836 3558 Barac.
849 3484 939 3542 Siler.
951 3478 1044 3540 Buri.
1055 3485 1083 3537 et
1098 3476 1181 3545 aliie.
1284 3493 1289 3503 ·
