2642 4150
226 207 265 267 at
295 177 299 183 ⁴
432 208 476 267 Dc
490 220 678 266 contonat-mn
692 203 807 289 Pontis.
825 204 960 278 decretis,
971 211 1025 267 ete.

226 325 352 387 qatorntn
370 305 504 386 beneficio
516 353 524 379 ,
537 306 615 388 qnod
625 307 732 390 querit
745 303 881 379 luentia,
899 305 996 367 omnis
1013 301 1089 366 labit
1106 323 1224 388 capere,

226 398 255 452 et
266 391 395 452 immoene
417 390 568 453 reddatur.

265 477 316 537 His
333 477 423 538 serbis
442 478 697 554 complectuntur,
715 484 746 537 et
763 475 909 554 explicant
922 474 1228 539 sententiassuascar·

226 561 357 634 dinnIes,
373 580 406 621 ac
422 559 582 637 Theologi,
598 568 628 620 et
648 561 706 621 viri
720 561 873 620 Canonum
894 557 1083 636 peritissimi,
1100 576 1226 636 quorum

220 646 380 706 'censilium
394 647 425 705 in
440 644 495 705 boe
513 644 684 722 gravissimo
698 645 816 722 nogotio
832 642 1054 721 postulavimus.
1069 644 1128 702 Nos
1153 662 1226 721 quo-

225 747 283 809 quc
297 730 445 808 privatum
458 729 588 788 studium
603 739 738 788 nostrum
756 727 888 787 conferre
909 727 939 784 in
959 724 1092 785 eamdem
1114 745 1227 790 causam

217 822 287 874 'non
309 812 570 891 praetermisimus,
585 822 741 890 antequam
762 811 1009 888 Congregationes
1033 808 1225 883 haberentur,

219 905 256 958 et
274 916 333 975 quo
346 906 478 974 tempore
501 895 708 967 habebantur,
733 903 763 956 et
789 897 860 973 ipsis
879 895 968 954 etiam
991 895 1137 972 peractis3
1159 915 1227 956 nam

226 981 427 1060 praestantium
454 981 586 1040 virorum
605 979 765 1057 suffragia,
784 998 850 1056 qnoe
872 976 960 1038 modo
985 983 1227 1041 commemoravi·

226 1064 545 1143 mus,diligentissime
565 1065 778 1141 percurrimus.
795 1063 868 1122 Cim
887 1060 947 1122 lnce
967 1061 1011 1120 ito
1027 1061 1106 1134 sitit,
1124 1080 1229 1144 oppro-

227 1148 349 1219 bmnao,
372 1156 401 1208 et
422 1146 631 1226 contractamus
652 1164 841 1226 qnaectampae
863 1147 897 1205 in
916 1144 1068 1206 sententiis
1092 1148 1228 1227 superius

216 1230 365 1314 'expositis
376 1232 563 1292 eontinentur
570 1255 582 1307 ,-
594 1228 662 1290 ciam
674 1233 837 1309 Scriptores
844 1228 930 1309 plant
940 1248 1041 1289 omnes
1052 1228 1226 1310 Theologiae,

226 1329 255 1378 et
283 1318 433 1377 Canonnm
461 1317 661 1392 professores,
688 1315 774 1392 plura
794 1332 941 1374 sacrarum
961 1313 1128 1373 litterarum
1152 1318 1229 1376 testi·

226 1402 340 1476 monia,
354 1399 529 1460 Pontificum
548 1397 734 1459 decessorum
751 1408 922 1458 nostrorum
942 1397 1075 1468 decreta,
1091 1400 1229 1460 Concilio

225 1504 313 1554 rum,
328 1494 357 1544 et
376 1486 495 1542 Patrum
521 1483 701 1552 auctoritas,
728 1482 765 1541 ad
784 1482 900 1541 easdem
923 1482 1081 1551 sententias
1096 1500 1229 1561 compro·

225 1568 334 1629 bundas
348 1567 422 1646 pene
432 1567 600 1644 conspirare
612 1566 780 1626 videantur.
791 1568 916 1643 insuper
931 1565 1114 1642 apertissime
1124 1585 1229 1644 cogno·

225 1657 323 1713 vimus
338 1655 498 1726 ductores,
517 1651 625 1729 quibus
646 1650 801 1711 contraria
815 1659 969 1711 sententiae
985 1650 1088 1708 relerri
1103 1650 1227 1722 debent,

226 1746 255 1798 et
268 1755 317 1796 eos
338 1735 468 1813 pariter,
487 1735 538 1812 qui
552 1735 616 1794 illas
631 1735 753 1809 torrent,
775 1752 808 1791 ac
822 1734 824 1737 ’
839 1742 1038 1804 tuentur,aut
1051 1733 1227 1805 illisansam‚

222 1840 274 1882 seu
297 1819 475 1880 occasionem
493 1818 784 1897 praeberevidentur.
800 1819 902 1895 Neque
913 1818 1103 1895 ignoramus,
1122 1819 1228 1896 quanti

224 1904 366 1984 sapientia
395 1912 427 1963 et
454 1904 623 1982 gravitate,
650 1903 851 1963 defensionem
880 1903 1014 1962 veritatis
1050 1906 1228 1981 susceperint
1294 1979 1295 1984 ἵ

225 1988 364 2065 Theologi
385 1987 501 2067 finitimi
517 1988 575 2046 illis
593 1987 764 2066 regionibus
778 2028 786 2054 ,
800 1987 850 2044 ubi
868 1987 1073 2047 contrauersim
1087 1987 1227 2064 ejusmodi
1294 2008 1295 2049 3

224 2074 401 2152 principium
420 2069 598 2132 habuerant.
612 2075 709 2146 Quare
724 2071 775 2131 bas
788 2073 901 2132 litteras
913 2075 1079 2151 Eneyelieas
1096 2073 1228 2134 dedimus

224 2158 367 2219 universis
380 2157 470 2214 ltaliae
485 2156 715 2234 Archiepiscopis
730 2157 925 2235 ‚'Episcopis,
946 2167 976 2216 et
988 2158 1174 2228 Ordinariis,
1197 2166 1228 2219 ut

224 2243 285 2302 hace
303 2242 373 2312 tibi,
387 2241 560 2298 venerabilis
581 2243 703 2309 Frater,
737 2250 766 2301 et
785 2241 896 2300 cacteris
912 2242 1049 2300 omnibus
1069 2241 1228 2302 innotesce·
1293 2247 1294 2314 l

224 2334 316 2402 rent3
336 2334 366 2384 et
388 2325 500 2400 quoties
521 2324 655 2405 Synodos
674 2324 848 2397 celebrare,
870 2324 907 2382 ad
928 2326 1070 2404 populum
1085 2326 1177 2386 verba
1189 2328 1228 2386 la·

216 2423 313 2480 cere,
340 2424 469 2484 cumque
499 2409 587 2468 sacris
612 2406 755 2468 doctrinis
780 2409 927 2468 instruere
953 2407 1131 2487 contigerit,
1157 2410 1227 2470 nihil

216 2490 345 2557 'omninb
359 2492 486 2551 alienum
509 2492 675 2570 proseratur
692 2492 728 2551 ab
754 2491 791 2551 iis
808 2492 962 2551 sententiis
977 2535 986 2566 ,
1001 2511 1072 2570 quas
1094 2493 1228 2570 superbis
1292 2511 1293 2576 t

223 2576 433 2638 recensuimus.
453 2575 655 2638 Admonemus
674 2578 763 2637 etiam
777 2576 990 2649 vehementer,
1011 2593 1132 2638 omnem
1150 2579 1228 2638 solli·

222 2661 383 2723 citudinem
404 2660 596 2737 impendere,
612 2678 650 2721 nc
670 2662 737 2739 quis
754 2662 786 2720 in
806 2661 911 2721 vestris
926 2660 1101 2721 dioeecsibua
1125 2661 1227 2721 audeat

221 2746 350 2815 litteris,
366 2752 418 2802 aut
437 2745 623 2805 sermonibus
643 2747 826 2806 contrarium
843 2745 974 2805 docere:
997 2747 1021 2804 si
1043 2747 1109 2823 quis
1131 2754 1227 2805 autem
1291 2817 1292 2826 χ

223 2830 327 2907 parere
342 2826 567 2899 detrectaverit,
583 2829 669 2886 illum
687 2828 849 2889 obnoxium
870 2837 901 2888 et
920 2827 1086 2904 subjectum
1100 2828 1227 2889 deelara-

222 2929 289 2971 mus
310 2910 405 2988 poenis
418 2926 470 2986 per
492 2927 587 2969 sacros
605 2912 738 2971 canones
750 2913 781 2972 in
803 2931 851 2972 cos
876 2913 1055 2992 propositis,
1071 2914 1125 2990 qui
1145 2928 1226 2973 man·

223 2992 288 3053 data
305 2993 459 3070 apostolica
474 2998 704 3073 contempserint
721 3015 755 3054 ae
774 2997 960 3055 violaverint.

260 3079 305 3136 De
324 3085 475 3136 contractu
497 3088 613 3151 autem,
639 3083 690 3158 qui
708 3100 797 3140 novas
820 3079 873 3141 bas
889 3082 1102 3141 controversias
1122 3083 1225 3142 excito·

214 3163 284 3233 vrit,
306 3160 381 3223 nihil
400 3164 431 3221 in
451 3167 675 3241 presentiarum
698 3167 873 3238 statuimus,
896 3166 970 3227 nibil
989 3169 1078 3227 etiam
1094 3168 1226 3230 decerni·

222 3265 288 3307 mus
312 3245 402 3307 moda
424 3247 461 3307 de
491 3249 554 3307 aliis
579 3251 796 3320 contractibus,
815 3269 869 3327 pro
884 3251 990 3329 quibus
1013 3252 1175 3331 lbcologi,
1198 3260 1226 3311 ct

222 3335 373 3393 Canonum
392 3333 569 3411 interpretes
586 3338 616 3394 in
632 3336 761 3394 diversas
782 3335 890 3395 abeunt
908 3337 1075 3396 sententias.
1088 3341 1225 3398 Attamen

220 3418 338 3494 pictatis
350 3424 456 3477 vostrae
473 3417 626 3491 studium,
649 3438 682 3478 ae
705 3421 880 3499 religionem
895 3420 1134 3481 inflammandam
1152 3423 1225 3481 exis·

222 3502 380 3570 timemus,
396 3508 431 3558 ut
449 3498 511 3559 haee
524 3545 532 3571 ,
547 3521 613 3578 quae
633 3502 806 3580 subjicimus
822 3547 830 3576 ,
852 3506 1015 3564 executioni
1030 3505 1223 3564 demandetis.

258 3581 396 3643 Prinnitn
407 3582 592 3662 pravissimis
601 3585 695 3647 uerbis
707 3583 938 3668 populisaestris
955 3587 1110 3662 ostendite,
1126 3604 1224 3648 nerine
