2642 4150
503 154 582 214 Pers
598 150 710 234 ρνὺηα.
728 151 755 233 5.
769 155 808 212 ll.
1122 157 1160 218 tlt

189 262 241 324 58.
268 259 338 322 ll'on
362 263 499 316 tenemur
524 253 699 315 confessario
722 253 915 334 interroganti
941 255 1025 318 lateri
1050 257 1160 336 peccati

148 345 276 424 alicuius
292 337 545 402 consuetudinem.

189 432 239 492 59.
260 428 342 506 Licet
360 422 608 483 sacramentaliter
621 421 774 483 absolvere
789 421 944 484 dimidiare
956 423 1072 490 lantiam
1088 443 1160 487 con·

149 519 259 587 lessus,
276 512 392 572 ratione
409 506 508 584 magni
532 506 691 566 concursus
710 508 938 586 poenitentium,
961 511 1056 588 qualis
1076 511 1159 572 verbi

99 633 109 640 -
151 599 246 681 gnotid
271 603 367 676 potest
386 591 557 669 contingere
576 591 678 657 indic
696 610 810 672 magnae
829 593 952 672 alicujus
971 594 1158 673 festivitatis,

151 694 207 747 aut
226 677 430 758 indulgentiae.

192 771 242 832 60.
250 762 411 826 Poenitenti
421 759 542 821 habenti
552 760 794 823 consuetudinem
805 762 942 842 peccandi
954 772 1054 825 contro
1064 764 1159 842 legem

153 856 231 927 Dei,
255 858 390 918 naturae,
414 852 465 904 out
486 844 640 917 Ecclesiae,
669 847 723 907 etsi
749 847 963 908 emendationis
985 865 1051 926 apes
1078 848 1158 909 nulla

152 944 313 1021 appareat,
326 948 381 992 neo
402 937 448 989 est
468 929 620 1006 neganda,
636 947 691 989 nec
710 930 871 992 differenda
891 931 1055 1008 absoluti03
1071 931 1159 992 dom·

152 1021 244 1088 modd
264 1035 316 1079 ore
334 1013 486 1095 proferat,
502 1031 532 1072 se
551 1012 672 1087 dolere,
688 1024 718 1076 ot
734 1033 900 1094 proponere
912 1016 1157 1077 emendationem.

142 1099 147 1107 ’
195 1098 245 1168 st'.
265 1107 363 1164 Potest
387 1097 544 1175 aliquando
566 1094 699 1172 absolvi,
726 1101 777 1177 qui
800 1101 832 1160 in
855 1101 989 1178 proxima
1011 1101 1159 1161 occasione

154 1189 295 1276 peccandi
315 1192 461 1256 versatur,
479 1201 569 1260 quam
588 1190 703 1259 potest,
717 1192 747 1243 et
763 1201 824 1245 non
841 1185 906 1244 vult
923 1185 1078 1261 omittere,
1093 1185 1159 1263 qui·

156 1275 242 1340 nimd
260 1269 437 1341 diractd4et
456 1284 492 1326 cx
516 1267 668 1346 proposito
687 1268 814 1345 quaerit,
829 1277 881 1328 aut
899 1269 926 1330 ei
943 1287 974 1329 se
994 1270 1113 1348 ingerit.

194 1363 246 1420 ot.
267 1351 403 1417 Proximo
425 1353 535 1413 occasio
554 1350 693 1429 peccandi
718 1369 778 1412 non
804 1362 848 1413 est
868 1353 1023 1431 fugienda,
1042 1348 1159 1428 quando

133 1440 138 1447 ’
156 1465 245 1511 causa
263 1443 359 1518 aliqua
378 1438 479 1511 utilis,
496 1445 547 1498 aut
566 1436 690 1497 honesta
706 1455 768 1497 non
785 1440 915 1516 fugiendi
935 1439 1072 1499 occurrit.
1157 1442 1160 1447 '

199 1531 249 1591 55.
261 1527 385 1587 licitum
398 1532 442 1583 est
457 1539 590 1601 quaerere
603 1521 714 1582 directe
729 1523 907 1582 occasionem
919 1523 1083 1600 proximem
1095 1536 1162 1600 pec·

156 1615 244 1680 candi
257 1629 313 1692 pro
326 1609 405 1669 bono
421 1606 568 1685 spirituali
579 1652 589 1683 ‚
601 1608 648 1666 vel
662 1608 817 1685 temporali
832 1616 946 1684 nostro,
959 1607 1007 1667 vel
1022 1605 1160 1684 proximi.

192 1701 242 1761 64.
255 1692 456 1756 Absolutionis
469 1709 559 1769 capax
571 1699 615 1751 est
631 1690 739 1763 homo,
754 1693 942 1769 quantumvis
956 1692 1068 1753 laboret
1078 1691 1161 1769 igno·

153 1782 253 1848 cantii
268 1779 479 1858 mysteriorum
496 1775 564 1835 fidei
576 1820 583 1847 ‚
597 1786 626 1835 et
639 1777 752 1837 etiamsi
774 1795 826 1855 per
845 1778 1051 1855 negligentiam
1072 1777 1160 1836 etiam

153 1865 335 1945 culpabilem
346 1860 454 1920 nesciat
464 1862 636 1938 mysterium
647 1862 835 1921 sanctissimae
846 1862 1057 1936 Trinitatis‚et
1068 1862 1161 1921 lucer·

153 1951 284 2015 notionis
301 1945 422 2006 Domini
445 1946 538 2005 nostri
554 1946 622 2005 lesu
639 1945 759 2006 Christi.

155 2026 161 2033 ’
193 2038 243 2100 65.
266 2030 380 2095 Sufficit
400 2028 449 2091 illa
468 2031 607 2109 mysteria
628 2031 718 2091 scnrel
740 2030 896 2093 credidisse
914 2029 967 2111 (Ι).

514 2209 806 2271 PROPOSlTlONES

440 2397 576 2441 DAMNATAE
591 2398 626 2440 ΑΒ
644 2399 808 2442 ttexnttulto
825 2401 891 2443 vill.

556 2552 564 2562 ⁸
581 2558 746 2618 Decretum.

194 2737 271 2801 (idm
285 2737 359 2798 lerid
378 2738 408 2799 5.
425 2736 474 2798 die
489 2728 528 2797 id
541 2734 664 2813 Augusti
683 2736 769 2796 tuso.
787 2735 818 2796 iu
831 2735 1060 2814 congregatione
1071 2737 1164 2799 Gono-

155 2824 212 2884 rali
235 2826 268 2882 S.
285 2825 371 2883 Rom.
392 2832 422 2882 et
445 2823 532 2881 Univ.
551 2821 754 2899 inquisitionis
775 2819 949 2881 fuissentin
970 2840 1091 2884 examen
1112 2826 1164 2884 ad·

154 2907 254 2968 ductae
273 2906 339 2966 duae
358 2913 512 2985 sequentes
537 2905 772 3004 propositiones,
797 2905 955 2966 videlicet:

185 3061 332 3120 (l)Summttt
340 3061 453 3119 Pontifex
460 3061 575 3111 decretum
584 3060 696 3106 concludit
705 3060 740 3107 llis
748 3060 821 3107 cerlis
830 3077 837 3104 .-
846 3060 989 3121 quicumque
996 3068 1074 3108 autern
1084 3062 1165 3121 cujus-

154 3125 193 3174 vis
217 3124 371 3178 conditionis,
382 3125 456 3172 stallis
472 3125 624 3181 etdignilatia
635 3125 687 3171 illas
697 3125 735 3171 vel
747 3126 839 3171 illarum
852 3127 953 3185 aliquam
968 3128 1110 3185 coniunctim
1128 3127 1164 3173 vel

155 3190 250 3237 divisim
271 3190 405 3237 defenderit
414 3190 452 3238 vel
463 3188 565 3235 ediderit
578 3191 615 3235 vel
631 3189 661 3236 de
672 3190 705 3235 eia
724 3190 866 3250 disputative
880 3198 905 3237 et
920 3191 1013 3251 publice
1032 3198 1074 3237 aut
1087 3192 1166 3251 prisa-

155 3264 200 3301 tam
215 3254 354 3301 tractaverit
364 3254 401 3300 vel
416 3254 595 3315 praedicaverit,
611 3254 655 3299 nisi
672 3254 752 3301 forsan
763 3256 936 3316 impugnando,
948 3256 996 3314 ipso
1006 3255 1068 3301 lacto
1078 3255 1166 3300 incidat

160 3320 188 3365 in
207 3318 472 3366 excommunicationem
490 3318 542 3364 latae
557 3321 692 3374 sententie,
710 3322 724 3364 d
743 3335 789 3380 qua
805 3335 850 3366 non
866 3321 937 3380 possit
956 3322 1122 3380 (praeterquam
1142 3317 1166 3361 in

155 3385 259 3431 articulo
270 3385 358 3442 mortis)
369 3384 466 3438 cirelio,
478 3399 627 3446 quocumque
638 3386 709 3431 etiam
718 3385 832 3445 dignitate
843 3386 950 3445 fulgente
962 3415 969 3440 ,
981 3384 1026 3429 nisi
1042 3396 1086 3443 pro
1104 3389 1165 3427 tem-

155 3461 218 3509 pere
225 3448 340 3495 existente
350 3450 450 3496 Romano
458 3449 585 3503 Pontifice‚
597 3450 696 3497 absolui.

188 3514 287 3573 lusuper
297 3514 405 3560 districte
415 3515 438 3559 in
448 3514 536 3561 virtute
550 3524 633 3560 sanctae
642 3515 781 3562 obedientia
796 3514 820 3561 et
830 3515 874 3562 aula
888 3509 1078 3559 interminatione
1088 3510 1162 3556 divini

155 3575 240 3635 judicii
246 3577 358 3639 prohibet
365 3579 472 3627 omnibus
480 3579 673 3630 christifidelibus
683 3579 853 3639 cujuscumque
860 3573 1134 3634 conditionis‚dignitetia
1142 3580 1167 3620 et
