2642 4150
177 188 218 254 eo
380 189 424 250 De
441 198 630 250 romanorum
645 183 762 267 Patalis.
778 182 913 261 decretis,
930 193 983 250 etc.

157 326 160 331 ·
177 284 255 370 quos
272 288 415 351 doctrinae
433 290 538 362 laude,
555 304 702 350 canonum
713 333 721 362 ‚
733 296 763 349 et
775 304 863 348 sacrae
875 284 1004 349 historiar
1018 289 1190 367 cognitione

175 382 346 455 praestantes
362 374 553 435 arbitramur.
578 371 672 434 Porrb
695 372 733 433 acl
757 371 924 433 scribendas
941 371 994 431 has
1007 372 1119 434 litteras
1132 376 1186 435 ada

175 459 255 520 ducti
270 459 382 520 inimus
394 459 574 549 grauissimis
591 457 650 518 illis
664 459 761 518 verbis
772 457 856 517 Trid.
870 459 962 536 Sym,
977 462 1184 535 qnaesess.2b.

176 543 286 605 dallei.
303 543 602 622 praecipitEpiscopis
615 560 704 603 omne
717 543 848 603 studium
864 539 1054 620 impendere,
1066 549 1100 602 ut
1111 544 1185 604 lide·

177 633 219 689 ies
235 629 366 706 ipsorum
380 644 461 689 curae
482 628 582 689 traditi
597 645 701 705 magne
718 628 861 705 religione
882 627 1036 703 perusiam
1053 645 1105 700 ee,
1118 642 1185 706 quaa

176 713 192 772 i
210 714 299 774 sacris
318 714 480 774 canonibus
502 714 737 790 prescribantur
757 734 766 772 a
787 714 825 772 tit
844 710 907 773 titis
925 712 1080 784 canoribus,
1101 721 1130 773 ct
1146 714 1186 775 iis
1205 728 1206 731 ’

176 796 323 877 praecipui
345 797 407 859 sint
428 796 634 877 obsequentes,
658 816 726 878 qaae
746 795 787 858 od
809 792 1046 874 retortificondooc
1067 812 1185 858 corneo

177 878 359 960 conduceret,
380 889 414 941 ut
433 881 564 943 ciborum
583 877 727 956 delectus,
749 889 778 940 et
788 877 919 961 jejunio.
1101 886 1103 889 ’

217 965 272 1024 libi
286 964 638 1045 primirmBononiensem
648 965 804 1025 Ecclesiam
817 965 1078 1026 administrandam
1089 982 1185 1028 susce·

178 1048 276 1125 pimus
299 1049 347 1128 (ad
373 1066 462 1127 quam
486 1048 628 1109 beneflcio
653 1046 808 1109 Clementis
831 1050 909 1109 ΧΗ.
935 1049 985 1107 sel.
1011 1050 1127 1110 record.
1147 1053 1184 1112 ab

179 1130 253 1191 Sede
270 1133 451 1193 Anconitana
475 1134 608 1193 translati
628 1132 770 1211 luimus),
792 1132 964 1192 mandatum
985 1134 1185 1212 evolgavimus

179 1212 269 1291 (quod
290 1217 367 1278 libro
388 1218 733 1295 primolnstitutionum
753 1225 923 1276 nostrarum
942 1235 997 1295 pro
1010 1218 1081 1278 viris
1094 1220 1186 1279 eccle·

150 1299 154 1305 ’
179 1298 300 1360 eiecticia
318 1301 538 1379 decimoquinto
556 1303 620 1362 loco
634 1299 869 1378 continetur).ln
884 1301 936 1360 illo
949 1303 1049 1378 plures
1060 1302 1187 1364 dillioul·

180 1392 253 1445 tates
270 1385 485 1457 indicavimus,
505 1386 543 1447 ob
560 1405 633 1464 quas
653 1385 777 1445 minimi
790 1384 946 1445 solvendos
963 1384 1100 1464 ijejunii
1115 1388 1186 1467 legi·

180 1466 234 1527 bus
254 1471 428 1549 putabamus
445 1472 528 1544 illos,
550 1472 601 1548 qui
622 1470 660 1530 ob
679 1469 842 1547 legitimam
863 1488 996 1542 causam,
1014 1480 1043 1530 et
1055 1471 1185 1549 legitimi

179 1550 263 1631 priris
275 1557 447 1615 auctoritate
463 1554 653 1632 interpositi,
667 1553 896 1631 quadragesime
909 1554 1115 1615 abstinentiam
1126 1573 1186 1616 non

180 1638 389 1711 observarent,
411 1636 554 1709 minimi,
572 1639 716 1715 inquam,
734 1639 887 1698 solvendos
911 1637 927 1698 b
944 1638 1076 1716 jejunio,
1094 1640 1134 1700 ita
1153 1650 1187 1700 ut

180 1723 282 1782 liceret
301 1724 371 1801 ipsis
390 1724 522 1803 quolibet
543 1722 591 1781 die
615 1737 748 1781 mensam
771 1722 817 1781 bis
835 1723 1010 1794 instituere,
1024 1743 1084 1784 non
1100 1727 1187 1785 unici

179 1809 268 1879 aloe,
291 1809 457 1887 vespertini
477 1807 664 1887 superadditi
683 1809 861 1878 relectione,
879 1826 945 1885 quae
958 1810 1090 1888 permitti
1109 1810 1188 1888 jeju·

182 1894 319 1954 crantibus
334 1895 501 1953 consuevit:
517 1893 649 1953 Tandem
665 1893 696 1951 in
716 1891 771 1951 hac
789 1891 937 1969 pontificia
948 1893 1023 1953 Sede
1035 1895 1187 1966 collocati,

182 1995 246 2038 rom
264 1987 356 2038 totam
374 1979 406 2037 iu
425 1995 546 2037 examen
566 1975 677 2036 iterim
697 1976 918 2048 revocavimus,
937 1982 967 2035 et
983 1978 1190 2055 praestantissi-

183 2062 239 2123 mis
252 2081 370 2142 quoque
381 2063 454 2122 viris
467 2060 709 2122 demandavimus
722 2061 814 2137 ipsam
828 2059 986 2139 diligenter
997 2062 1189 2141 accurateque

183 2149 385 2227 perpendere,
412 2165 445 2207 ao
464 2165 530 2206 suas
553 2144 661 2205 deinde
685 2145 838 2223 opiniones
858 2146 943 2205 nobis
962 2161 1120 2224 exponere.
1137 2148 1189 2206 llis

185 2235 326 2313 peractis,
340 2232 511 2308 hujusmodi
533 2232 740 2291 controversie
762 2230 853 2289 linem
880 2230 1011 2290 tribuere
1036 2232 1189 2291 constitui·

184 2337 272 2392 inus,
293 2320 426 2396 illudque
442 2318 643 2389 decrevimus,
664 2335 703 2377 ne
721 2317 781 2375 ulla
794 2317 826 2376 in
844 2315 1012 2394 perierim,
1027 2318 1089 2377 sire
1101 2336 1190 2396 pecu-

184 2404 284 2481 liaria,
306 2406 366 2464 sive
386 2406 529 2482 generalis
550 2422 604 2481 pro
624 2403 722 2479 aliqua
741 2402 878 2472 civitate,
898 2403 945 2462 vel
963 2403 1072 2480 oppido
1085 2420 1190 2463 conce·

182 2490 271 2550 datur
285 2489 405 2549 incultus
418 2488 576 2548 adhibendi
596 2505 698 2547 carnes
718 2485 756 2546 ad
776 2504 906 2545 mensam
920 2496 1052 2565 tempore
1062 2486 1187 2563 jejunii,

184 2575 231 2635 rel
244 2573 496 2653 Quadragesimae,
511 2574 567 2634 nisi
580 2572 712 2635 conditio
727 2572 862 2631 servandi
881 2571 1008 2648 jejunii,
1025 2573 1087 2631 sive
1103 2573 1190 2630 unius

119 2691 124 2695 ⁴
182 2662 369 2722 comestionis
382 2653 603 2737 interponatur3
622 2665 651 2718 et
669 2656 744 2716 illud
756 2674 876 2733 quoque
894 2657 1040 2716 monitum
1052 2658 1188 2726 addatur,

183 2738 466 2822 nequaquam'licere
476 2760 607 2802 mensam
618 2741 752 2801 eamdem
760 2758 847 2799 earne
856 2740 1024 2818 aepiseibus
1033 2742 1188 2801 instruere.

185 2832 330 2908 liquidem
352 2828 505 2886 declinatis
520 2826 575 2886 lnie
593 2828 708 2886 ratione
729 2823 857 2884 nimium
878 2826 1034 2902 implicatis
1054 2826 1190 2903 quaestio·
1238 2831 1241 2834 '

184 2916 294 2985 nibus,
314 2910 546 2974 existimavimus
565 2910 688 2969 unicam
711 2908 835 2986 singulis
856 2908 960 2968 diebus
983 2910 1191 2970 comestionem

187 2999 316 3058 indicere
335 2996 393 3056 illis
415 2996 524 3066 etiam,
546 2994 598 3073 qui
617 2993 756 3053 carnibus
776 2992 820 3049 uti
836 3035 845 3064 ‚
862 2992 930 3053 cirm
946 2992 1094 3069 jejunium
1112 2994 1192 3052 indi·

186 3084 263 3142 citur
269 3126 279 3157 ,
291 3080 349 3141 rite
361 3079 556 3138 obtinuerunt
566 3100 575 3154 3
585 3086 615 3137 et
626 3093 747 3155 pravam
762 3074 842 3134 illam
854 3077 1095 3137 consuetudinem
1105 3120 1113 3149 ‚
1125 3094 1192 3153 quae

187 3166 265 3245 apud
289 3166 397 3225 multos
417 3163 479 3241 jam
502 3164 592 3223 nimis
610 3161 797 3230 invaluerat,
818 3158 936 3238 penitrls
956 3161 1099 3233 evellere,
1120 3160 1192 3220 etie'-

186 3250 270 3312 rendi
288 3265 394 3327 nempe
412 3265 513 3307 earnes
526 3251 704 3308 inmensam
717 3258 784 3301 cum
798 3246 943 3320 piscibus,
958 3254 1113 3324 postquam
1135 3244 1191 3321 ipsi

185 3334 442 3413 quadragesimalis
456 3332 640 3393 abstinentie
658 3335 805 3408 praecepto
817 3331 905 3389 soluti
919 3330 1058 3400 fuerunt,
1072 3329 1110 3388 ob
1125 3345 1192 3389 carn

187 3418 372 3496 potisdmirm
394 3433 531 3491 causam,
550 3415 631 3495 quid
650 3431 742 3494 grave
757 3415 969 3477 detrimentum
987 3415 1074 3475 saluti
1086 3413 1129 3473 ab
1140 3430 1192 3473 esu

184 3503 313 3580 piscium
335 3502 489 3579 accipiant.
837 3533 839 3536 ·

229 3585 295 3647 llaec
317 3583 500 3664 apertissimi
524 3592 658 3648 constant
681 3604 717 3646 ex
739 3584 846 3648 nostris
869 3584 1034 3665 apostolicis
1052 3583 1193 3658 litteris,
