2642 4150
207 159 248 221 90
408 164 453 225 Dc
469 177 658 227 centenorum
670 160 784 243 Pontis.
801 161 937 242 decretis,
954 142 1005 225 etc.

209 262 319 335 ctabit,
350 265 560 327 inviolabiliter
578 276 609 328 et
631 265 802 328 inconcussi
827 265 1006 325 observari:
1035 267 1159 347 sicque,
1184 282 1214 333 et

208 366 269 409 non
289 349 375 410 aliter
395 355 427 410 ln
448 353 605 430 praemissis
621 370 675 431 per
692 368 891 429 quoscumque
911 349 1025 426 judices
1047 354 1212 418 ordinarios

208 442 238 493 et
258 434 424 512 delegatos,
437 439 526 497 etiam
540 455 692 497 causarum
703 435 804 496 Palatii
825 435 975 515 apostolici
996 436 1144 500 auditores
1157 486 1166 514 ,
1180 463 1212 505 ac

207 527 314 578 sanctae
332 521 470 578 Romanae
485 522 618 580 Ecclesire
641 520 827 594 cardinales,
849 520 937 580 etiam
966 519 1003 579 de
1026 521 1116 584 latere
1134 526 1212 605 lega·

207 611 272 671 tos,
296 611 326 662 et
348 604 430 663 Sedis
448 604 593 683 praedictae
606 606 746 675 nuntios,
760 605 868 664 aliosve
881 603 1013 678 quolibet
1026 607 1210 688 qudcumque

206 687 427 761 praeeminentia
455 699 484 747 et
501 697 642 765 potestate
661 689 840 764 iungentes,
865 697 895 746 ct
911 687 1082 761 iuncturos,
1098 693 1211 756 sublate

206 769 248 826 eis
264 779 294 829 et
312 788 416 831 eorum
431 774 551 833 cuilibet
568 774 671 851 quivis
687 773 772 832 aliter
785 771 935 849 judicandi
955 781 984 832 et
997 773 1209 852 interpretandi

205 852 341 914 facultate
360 865 390 916 et
419 859 610 932 auctoritate,
640 856 767 933 judicari
798 864 828 916 et
862 855 982 915 deliniri
1011 855 1142 932 debere,
1177 882 1211 923 ac

205 937 325 998 irritum
344 949 372 1000 et
387 942 473 1001 inane
486 985 495 1013 ‚
508 943 531 1001 si
550 941 631 1002 secius
648 957 738 1019 super
752 939 798 999 bis
810 938 827 999 a
839 941 979 1019 quopiam
997 942 1099 1018 quivis
1111 954 1211 1007 aueto-

205 1020 293 1081 ritate
307 1025 453 1101 scienter,
476 1026 524 1086 vel
543 1026 714 1105 ignoranter
727 1024 886 1102 contigerit
903 1024 1053 1083 attentari.
1071 1028 1138 1087 Non
1157 1031 1210 1091 ob-

204 1106 349 1167 stantibus
369 1111 548 1187 praemissis,
573 1127 628 1182 ac,
649 1106 795 1187 quaternis
815 1109 958 1185 opusne,
976 1118 1074 1169 nostra
1088 1121 1118 1170 et
1134 1115 1209 1174 can-

204 1189 330 1264 cellariae
355 1195 520 1271 apostolice
539 1194 640 1271 regula
667 1193 702 1253 de
725 1191 795 1272 jure
819 1189 941 1272 quesita
966 1209 1027 1252 non
1059 1191 1206 1273 tollendo,

205 1274 328 1353 aliisque
342 1278 600 1338 constitutionibus
615 1277 781 1354 apostolicis
795 1297 804 1335 a
820 1292 936 1335 necnon
952 1276 1102 1352 quibusvis
1119 1283 1207 1342 ctiam

201 1355 392 1436 jarramento,
418 1360 642 1422 confirmatione
667 1361 843 1439 apostolica,
874 1359 920 1417 rel
943 1360 1045 1435 quavis
1068 1362 1208 1427 firmitate

203 1442 259 1499 alid
272 1444 415 1503 robmatis
435 1447 551 1505 statutis
565 1454 594 1504 et
607 1442 868 1503 consuetudinibus
880 1485 888 1513 ‚
901 1461 934 1501 ac
944 1442 1045 1503 usibus
1063 1455 1092 1504 ct
1105 1449 1207 1525 stylis,

203 1526 292 1586 etiam
314 1525 616 1602 irrarnemorabilibus3
632 1527 794 1606 privilegiis
812 1543 954 1604 quoque,
973 1524 1095 1587 indultis
1116 1541 1145 1590 et
1159 1530 1208 1591 lit·

204 1609 275 1667 teris
296 1610 459 1687 apostolicis
471 1610 635 1689 praedictis,
647 1611 770 1688 aliisque
783 1609 961 1686 quibuslibet
975 1612 1106 1687 personis
1118 1616 1207 1676 etiam

203 1690 388 1769 qudcumque
403 1693 592 1753 ecelesiastica
619 1694 665 1753 vel
684 1693 834 1753 mundani
852 1691 993 1770 dignitate
1007 1694 1204 1771 fulgentibus,

202 1782 233 1831 et
256 1773 325 1833 aliis
346 1776 567 1852 quomodolibet
589 1777 783 1855 qualilicatis‚
807 1793 841 1835 ac
866 1776 1021 1853 specialem
1046 1783 1208 1855 expressio-

202 1873 271 1916 nem
285 1859 504 1935 requirentibus
520 1903 528 1925 .
545 1860 601 1920 sub
619 1859 854 1937 quibuscumque
873 1860 1032 1920 uerborum
1054 1864 1207 1924 tenoribus

202 1950 233 1999 et
251 1941 371 2014 formis,
390 1961 504 2003 aecum
524 1944 676 2021 quibusvis
698 1946 787 2003 etiam
808 1944 1059 2021 derogatoriarum
1084 1946 1208 2025 deroga·

202 2026 286 2086 toriis
304 2026 426 2104 ollisque
446 2026 680 2102 efficacioribus,
701 2028 903 2089 efficacissimis
925 2035 956 2089 et
975 2027 1099 2088 insolitis
1126 2032 1208 2091 clan-

201 2111 272 2169 sulis
282 2154 290 2181 ‚
301 2129 334 2170 ae
347 2112 533 2172 irritantibus
546 2157 553 2183 ‚
567 2123 596 2172 ct
612 2114 676 2172 aliis
689 2112 812 2173 decretis
824 2156 833 2183 ,
845 2113 932 2173 ctiam
946 2118 1048 2187 motu,
1065 2114 1205 2187 scientia,

200 2203 229 2252 et
241 2196 390 2271 potestatis
401 2195 586 2273 plenitudine
598 2197 743 2257 similibus
755 2241 764 2269 ‚
777 2215 811 2256 ac
823 2196 1079 2269 consistorialiter,
1094 2207 1125 2257 et
1135 2200 1208 2259 altis

176 2306 181 2319 ι
201 2278 423 2355 quomodolibet
436 2281 467 2339 in
489 2283 671 2341 contrarium
694 2282 911 2360 praemissorum
923 2281 1083 2352 concessis,
1097 2283 1206 2356 editis,

189 2364 283 2423 ductis
302 2381 335 2423 ac
352 2365 462 2442 pluries
486 2366 620 2438 iteratis,
636 2375 667 2427 et
693 2368 936 2445 quantiscumque
956 2363 1067 2424 vicibus
1095 2385 1206 2445 appro-

198 2447 293 2519 batis,
315 2447 495 2509 confirmatis
508 2493 516 2522 ‚
530 2459 560 2510 et
575 2451 732 2510 innovatis.
745 2450 858 2523 Quibus
869 2447 1005 2509 omnibus
1019 2458 1048 2508 et
1059 2449 1204 2530 singulis,
1307 2484 1308 2501 2

97 2532 100 2537 ’
199 2530 311 2590 etiamsi
323 2549 378 2610 pro
390 2532 510 2592 illorum
524 2533 679 2594 sufficienti
693 2535 882 2612 derogatione
896 2532 933 2592 de
945 2532 1023 2605 illis,
1039 2551 1206 2613 eorumque

198 2614 267 2674 totis
283 2616 435 2676 tenoribus
457 2619 607 2695 specialis,
627 2619 782 2698 specilica,
813 2634 947 2695 expressa
967 2625 997 2677 et
1023 2616 1205 2693 individua,

197 2716 231 2757 ac
250 2697 287 2758 de
303 2700 396 2759 verbo
412 2701 449 2761 ad
471 2702 616 2774 verbum,
630 2722 690 2764 nou
706 2710 804 2764 autem
823 2719 876 2782 per
894 2701 1036 2761 clausulas
1051 2707 1205 2780 generales

197 2781 276 2841 idem
299 2781 491 2860 importantes
511 2787 646 2857 mentio,
667 2805 718 2846 seu
744 2787 854 2864 quaeris
873 2787 928 2844 alia
946 2785 1089 2864 exquisita
1107 2788 1204 2848 formo

196 2863 234 2921 od
250 2862 307 2923 hoc
324 2866 466 2925 servanda
484 2868 585 2939 soret,
608 2879 725 2930 tenores
747 2869 933 2947 hujusmodi,
950 2888 983 2929 ac
1002 2870 1025 2928 si
1047 2869 1085 2928 de
1109 2872 1205 2933 rcrbo

196 2949 235 3008 ad
259 2948 406 3020 verbum,
427 2950 502 3011 nihil
523 2953 641 3031 penitus
663 2957 784 3030 omisso,
798 2965 828 3014 et
840 2955 934 3014 forma
948 2956 980 3012 in
996 2952 1056 3011 illis
1072 2955 1204 3031 tradita,

196 3032 347 3092 observata
361 3076 369 3104 ‚
384 3036 640 3112 exprimerentur,
652 3047 682 3099 et
696 3040 896 3098 insererentur
911 3081 919 3107 ‚
937 3035 1131 3114 praesentibus
1145 3057 1203 3116 pro

195 3114 282 3194 plene
302 3124 331 3175 et
342 3118 521 3179 sufficienter
533 3124 676 3200 expressis
696 3132 726 3182 et
745 3124 862 3183 insertis
875 3121 1036 3188 babentes,
1055 3120 1114 3179 illis
1130 3121 1205 3182 aliis

194 3201 227 3259 in
252 3218 305 3260 suo
333 3201 440 3262 robore
458 3207 679 3282 permansuris,
697 3207 734 3266 ad
756 3208 975 3285 praemissorum
991 3202 1129 3264 ellectum
1146 3205 1205 3266 bde

193 3284 258 3344 vice
273 3283 424 3346 dumtaxat
435 3289 598 3366 specialiter
610 3298 641 3349 et
657 3292 792 3367 expresse
809 3289 984 3368 derogamus
990 3333 1000 3364 ,
1021 3307 1055 3347 ac
1076 3288 1206 3366 deroga-

194 3375 260 3428 tum
279 3387 340 3429 esse
373 3364 532 3444 volumus}
565 3374 737 3451 caeterisque
767 3377 922 3435 contrariis
950 3373 1204 3450 quibuscumque.

195 3451 339 3511 Volumus
362 3461 462 3512 autem>
485 3462 519 3513 ut
537 3456 706 3516 corumdem
730 3459 920 3536 presentium
945 3458 1099 3517 literarum
1117 3463 1205 3514 tran-

196 3535 321 3611 sumptis
347 3544 404 3596 ctc.
432 3538 541 3600 Datum
560 3540 661 3600 Romae
682 3543 761 3620 apud
783 3546 812 3603 S.
830 3543 953 3615 blariam
980 3538 1122 3619 Maiorem
1144 3540 1205 3601 sub
