2642 4150
380 130 384 137 ’
467 124 546 197 Pars
557 131 695 221 saturatio.
713 136 809 215 Caput
823 135 850 195 l.
1122 152 1160 210 35

153 258 252 320 neque
269 237 358 299 vobis
370 233 448 315 apud
467 233 604 295 divinum
622 231 754 310 judicem
775 231 872 293 iraudi
891 233 985 305 sit,si
1005 233 1037 295 in
1055 233 1161 313 burim·

151 326 234 389 modi
257 342 312 396 re,
330 339 399 402 ques
419 320 552 382 tanti'est
565 319 730 395 momenti,
751 326 855 396 utpote
870 337 936 397 quse
953 319 991 395 ad
1005 321 1097 398 ipsius
1107 323 1159 380 lici

151 412 267 473 cultum
279 404 668 487 proximispactat,·abusua
677 411 708 463 et
716 403 914 483 corruptelas,
927 418 1000 482 quas
1008 406 1159 484 arguendo

150 504 182 556 ct
199 489 382 571 increpando
398 490 525 551 evellere
540 488 741 562 debebamus,
754 486 986 550 dissimulatione
997 507 1031 549 ac
1043 488 1159 551 silentio

148 584 253 640 nostro
270 576 379 636 iuvisse
393 583 424 636 ct
442 573 630 635 confirmasse
649 571 848 633 inveniamur.
872 575 988 635 Interea
1010 573 1159 637 leetui·

151 661 260 723 tatibus
282 659 406 734 vesnia,
428 675 501 737 quas
526 658 634 718 intime
656 656 754 717 cordis
778 656 886 719 affeetu
908 657 1156 736 complectimur,

149 744 338 827 apostolicam
353 744 589 806 benedictionem
603 741 804 803 amantissime
819 741 1019 821 impertimur.

187 831 296 889 Datum
319 826 513 905 Romaeapud
530 828 560 885 S.
581 828 704 886 Mariam
721 825 862 903 liajorem
882 826 931 889 dic
955 844 1006 891 aux
1029 828 1154 906 Augusti

149 913 354 976 Muccxuv.
367 910 559 973 Pontificatits
569 911 662 972 nostri
679 927 759 970 enno
774 913 891 990 quinto.

248 1152 252 1157 ¹
369 1172 372 1179 Α
401 1113 405 1123 ·
421 1079 597 1143 suissuis
611 1082 817 1144 secretius
830 1082 883 1144 Vl.

550 1266 637 1311 SUPER
656 1267 757 1312 usura.

187 1423 250 1484 Vix
265 1421 454 1501 pervenitad
475 1437 561 1481 aures
579 1427 716 1492 nostras,
738 1420 777 1481 ob
798 1438 906 1484 novam
923 1428 1152 1489 controversiam

149 1514 291 1591 (nempe,
307 1524 345 1566 an
356 1505 474 1584 quidam
491 1513 665 1566 contractus
681 1504 796 1564 validus
813 1505 940 1580 judicari
953 1506 1067 1583 debeat)
1083 1526 1152 1568 non
1225 1540 1229 1565 t

148 1593 248 1656 nullas
264 1609 318 1669 per
336 1590 450 1651 ltaliam
467 1589 652 1655 disseminari
677 1590 855 1663 sententias,
872 1608 940 1669 que
954 1608 1032 1651 sanae
1043 1591 1153 1655 docui·

144 1697 194 1740 nae
208 1675 288 1737 baud
306 1681 509 1736 consentanee
520 1674 716 1752 riderentur3
731 1672 800 1743 cum
815 1677 915 1736 statim
930 1677 1023 1737 nostri
1035 1686 1152 1757 aposto·

144 1763 195 1824 lici
213 1759 345 1834 muneris
357 1766 472 1836 partem
490 1775 553 1819 esse
565 1757 706 1819 duximus
718 1758 1040 1837 opportunumalierrc
1054 1780 1151 1823 reme

142 1846 244 1921 dirim,
252 1860 291 1903 nc
299 1844 412 1903 malum
422 1841 567 1920 ejusmodi
577 1884 585 1915 ‚
597 1844 739 1921 temporis
745 1843 940 1906 diuturnitate
954 1889 963 1916 ,
975 1863 1009 1904 ac
1021 1845 1148 1917 silentio,

142 1931 223 1989 viras
244 1927 337 2006 magis
372 1926 558 2006 acquireret,
585 1925 758 2003 aditarmque
779 1928 841 2005 ipsi
868 1928 1088 2002 intercludere,
1111 1950 1149 1993 nc

142 2011 232 2075 latids
253 2021 406 2093 serperet,
428 2020 460 2073 et
482 2011 645 2076 incolumes
675 2009 771 2074 adbuc
797 2010 890 2074 ltaliae
915 2012 1048 2075 civitates
1062 2014 1148 2079 labe-

141 2099 272 2160 leuaret.

180 2185 367 2261 Quapropter
377 2181 624 2255 remotionem,
643 2165 860 2262 curuliumque
877 2183 1074 2264 suscepimus,
1089 2205 1149 2265 quo

94 2276 98 2282 ’
141 2268 231 2329 saco
251 2268 409 2345 apostoliea
429 2285 545 2345 sempor
572 2268 616 2329 uti
636 2269 811 2344 consucvit,
835 2268 949 2349 quippe
971 2288 1036 2332 rem
1055 2277 1148 2334 tutam

140 2352 351 2431 explicavimus
374 2351 525 2424 nonnullis
554 2369 589 2412 cx
619 2352 837 2414 venerabilibus
860 2354 1013 2417 Fratribus
1039 2359 1148 2419 matris

141 2445 251 2496 sancte
264 2436 406 2495 Romane
417 2436 550 2496 Ecelcsie
570 2435 774 2497 cardinalibus
787 2480 796 2509 ‚
815 2438 869 2515 qui
888 2456 977 2500 sacrae
994 2435 1149 2520 theologiis

139 2518 281 2592 mimus,
295 2525 327 2578 et
349 2519 494 2580 canonice
511 2520 675 2597 discipline
690 2520 788 2581 studio
807 2539 842 2580 ac
856 2521 961 2598 peritii
984 2522 1149 2598 piurimsim

139 2603 408 2668 commendantur:
424 2605 581 2664 accivimus
592 2604 683 2663 etiam
699 2604 799 2680 pluras
809 2604 967 2681 Regulares
981 2605 1148 2684 inutraque
1237 2649 1239 2656 ,

138 2688 279 2756 emuna
296 2697 489 2767 prestantes,
506 2703 634 2767 quorum
647 2685 763 2765 aliquos
781 2688 1001 2759 exmonachis,
1021 2688 1093 2750 alies
1111 2708 1148 2752 sn

138 2772 245 2833 ordino
262 2772 514 2845 mendicantium,
533 2774 606 2833 alios
622 2769 755 2832 demdm'
766 2788 803 2831 es
829 2772 942 2832 clericis
963 2773 1149 2851 regularibus

136 2856 315 2935 selegimus:
334 2858 495 2918 Praesulsm
513 2873 632 2936 quoque
648 2854 727 2934 juris
747 2856 902 2934 utriusque
924 2857 1025 2919 laurei
1040 2859 1147 2942 praedi·

140 2949 228 3013 tum,
245 2950 277 3001 et
294 2941 326 3001 in
347 2940 411 3003 loro
435 2941 490 3003 din
510 2949 659 3003 vasatum
676 2941 878 3003 adhibuimus.
899 2944 987 3005 Diem
1009 2951 1146 3022 number

136 3023 302 3088 mdirimus
320 3026 408 3102 lolii,
430 3026 484 3105 qui
507 3044 603 3105 nuper
618 3028 786 3106 preteriit,
806 3035 843 3088 ut
861 3045 962 3091 coram
980 3028 1074 3092 Nobis
1099 3032 1144 3092 illi

136 3127 241 3171 omnes
257 3112 474 3183 emscnirent,
491 3112 599 3195 quibus
627 3121 766 3173 naturam
791 3114 883 3175 totius
908 3115 1020 3195 nogotii
1047 3115 1144 3178 mcta-

133 3196 287 3340 mi?
310 3193 391 3274 quod
411 3194 472 3256 illis
492 3194 577 3258 autel
599 3197 753 3276 mpnitum
774 3208 1020 3278 perspectumque
1038 3200 1144 3280 depre-

217 3281 224 3294 ‘
259 3292 305 3339 us.

174 3364 246 3424 Post
266 3359 331 3425 base
348 3365 560 3447 precepimus,
581 3375 615 3427 ut
627 3367 709 3428 omni
732 3368 862 3447 partium
877 3366 1143 3440 studiosissumus

133 3447 298 3528 eupiditate
309 3448 398 3510 soluti
412 3493 421 3522 ,
435 3467 499 3511 rem
512 3460 604 3513 tuum
621 3451 755 3512 accurati
768 3454 1004 3533 perpenderent,
1017 3457 1143 3520 suesque

15 3547 16 3552 ’
132 3532 291 3609 opiniones
302 3534 415 3610 scripto
424 3545 574 3600 exararent
587 3557 597 3614 ς
610 3554 671 3601 non
680 3545 779 3601 emen
792 3537 986 3615 expetivimus
998 3530 1037 3591 ab
1051 3529 1140 3608 ipsis,
1248 3563 1249 3566 =
