2642 4150
165 130 225 189 566
553 116 648 181 16166
664 116 785 179 1166661.

166 230 217 288 nio
233 221 486 325 contralrcndo‚'
463 238 487 280 ιι
503 236 555 297 cog
558 218 675 278 arcuerit
689 213 952 297 impedimentum?
963 232 994 275 ιι.
1009 217 1078 282 616.
1091 209 1185 292 Quid*

166 265 555 384 stomatasintparamtn⁰
561 303 629 362 615.
1086 347 1089 353 .

204 396 250 455 An
276 391 422 470 sponsalia
448 388 600 448 solvantur
626 381 750 445 omnini
775 398 829 463 per
852 384 1077 447 matrimonium
1102 403 1170 456 cum

165 473 281 539 alieti.
298 477 328 535 6.
350 494 381 534 ιι.
404 474 474 535 875.
491 471 537 531 An
559 466 668 547 conjux
688 477 824 528 teneatur
843 468 965 528 credere
985 469 1069 530 elteri
1095 489 1170 531 esse·

166 560 244 621 renti
257 579 288 622 se
305 556 373 620 6616
386 557 626 618 consensissctn.
642 552 712 613 608.
727 549 847 626 Quid
823 570 846 611 si
867 552 947 629 quis
943 553 1086 614 ·”66ι1161
1076 573 1170 634 impe·

166 644 331 705 elimentum
342 642 359 703 1
371 643 430 702 ude
450 657 510 700 non
532 638 653 716 dignis?
666 634 707 696 16.
720 652 750 696 o
765 634 910 697 8666666.
926 636 1043 710 Quidsi
1058 638 1170 702 66666

167 729 225 790 fide
239 729 353 809 digno?
370 726 410 788 16.
426 744 455 785 v.
474 721 587 785 Tertio.

205 815 249 876 Dc
264 810 454 874 matrimomo
473 808 675 885 impuberum.
688 824 721 866 ιι.
739 807 815 867 10611
826 808 953 869 eltuto
965 807 1125 887 vagorum.
1136 828 1169 870 ιι.
1284 817 1285 828 ’

167 898 252 960 1086
264 897 404 959 Militum
418 913 451 954 ιι.
463 894 550 953 1060.
566 891 816 989 Peregrinarum,
830 901 1046 953 carceratorum
1054 913 1171 973 ,arpo-

165 990 283 1051 torum,
295 990 326 1042 ct
340 977 529 1059 puellarum
520 995 551 1036 m
564 976 792 1035 conservatoriis
808 976 1006 1037 detentarum.
1018 996 1050 1038 ιι.
1064 979 1150 1040 1061.

204 1065 238 1126 ln
249 1064 441 1126 matrimonio
459 1069 525 1121 roto
543 1077 581 1120 an
603 1059 695 1139 possit
713 1060 790 1138 Papa
813 1060 1047 1140 dispensarein.
1061 1065 1130 1125 867.
1141 1084 1169 1127 6.

164 1148 255 1214 Prot.
269 1152 299 1210 1.
313 1156 341 1209 ct
353 1167 386 1208 ιι.
402 1148 472 1208 666.
488 1146 597 1204 ilatum
618 1143 744 1203 solvitur
757 1161 810 1222 per
821 1145 1033 1224 professionem
1054 1148 1172 1228 religio-
1284 1199 1285 1202 ,

164 1252 238 1294 som.
258 1253 291 1294 ιι.
310 1234 380 1295 658.
395 1233 439 1292 Ex
461 1228 651 1292 matrimonio
671 1225 755 1288 nuuc
775 1247 813 1290 66
842 1228 961 1306 oriatur,
975 1230 1172 1309 impedimen·
1284 1251 1285 1254 ¹

165 1326 230 1378 tum
243 1315 375 1379 Publice
385 1312 608 1377 temeratum
624 1314 712 1374 1066.
725 1312 770 1371 An
784 1331 821 1374 ex
831 1313 1027 1375 clandestino?
1037 1333 1070 1375 ιι
1082 1319 1170 1386 1066.
1284 1367 1285 1370 ,

164 1401 388 1463 Matrimonium
412 1399 530 1461 nullum
553 1395 671 1475 quando
697 1402 728 1455 et
753 1396 902 1475 quomodo
925 1398 1172 1461 revalidandum?

164 1504 197 1546 ιι.
226 1487 313 1547 1106.
337 1487 381 1545 De
403 1482 620 1580 dispensatione
642 1480 860 1588 impedimenti.
885 1499 918 1541 ιι.
949 1483 1037 1543 1118.
1056 1487 1171 1548 etvidc
1284 1487 1285 1538 1

166 1571 260 1633 serbo
273 1566 480 1651 Dispensatio.

203 1655 360 1728 Quomodo
379 1652 584 1730 legitimentnr
598 1649 652 1711 6111
667 1666 721 1730 per
735 1649 918 1728 subsequens
937 1642 1171 1716 matrimonium.
1284 1693 1285 1722 ,

164 1735 188 1798 1.
202 1741 231 1800 7.
244 1757 276 1799 ιι.
288 1739 359 1798 661.
377 1737 408 1797 51
431 1754 485 1813 per
498 1738 626 1796 nullum.
642 1753 675 1795 ιι.
689 1735 760 1796 666.
772 1735 803 1794 Si
820 1752 874 1813 per
892 1736 1169 1800 clandoetinumin.

164 1825 234 1884 666.
248 1823 294 1883 An
314 1822 439 1883 sufficiat
456 1820 681 1882 matrimonium
702 1817 831 1898 potuisse
851 1819 918 1881 fieri
940 1827 1074 1899 tempere
1093 1825 1173 1889 nati·
1284 1847 1285 1868 ÷

164 1909 290 1972 vitetis?
303 1928 336 1969 ιι.
353 1908 423 1969 666.

202 1992 391 2058 Metellorum
409 2009 448 2053 aa
469 1991 560 2071 possit
578 1990 708 2069 separari
731 1988 748 2050 ia
772 1988 942 2051 laudibus?
955 1985 978 2050 1.
1001 1994 1031 2053 6.
1054 2011 1087 2053 ιι.
1102 1996 1171 2056 167.
1284 1985 1285 1988 '

164 2081 202 2141 lit
220 2098 257 2139 an
271 2089 344 2141 1666
355 2077 480 2139 dicenda
502 2079 540 2137 sit
560 2076 679 2136 cretio?
698 2074 740 2137 16.
762 2079 808 2139 An
833 2076 866 2136 in
893 2078 1039 2138 Matutino
1059 2081 1172 2158 possint

165 2164 307 2225 nocturni
328 2159 568 2240 seperariiidid.
595 2160 659 2232 Qut
683 2159 758 2222 hurd
779 2160 870 2238 possit
897 2160 954 2221 dici
980 2163 1170 2226 Matutinum.

164 2267 196 2308 ιι.
211 2248 280 2308 176.
295 2247 342 2307 An
363 2246 544 2306 Matutinum
565 2243 774 2305 detunctorum
799 2246 891 2322 possit
912 2245 1009 2323 pridie
1030 2249 1172 2308 rccitmi't

164 2330 204 2394 16.
216 2349 245 2390 ιι.
262 2331 363 2404 Quaer.
374 2330 420 2389 11.
436 2329 613 2391 Matutinum
634 2331 759 2389 recitare
775 2337 841 2407 post
855 2330 971 2391 missam
982 2349 1021 2391 an
1035 2332 1075 2391 sit
1090 2349 1173 2392 mor·

126 2476 128 2479 ,
164 2413 433 2479 celsitunem.
449 2414 525 2486 Quid
540 2415 565 2473 si
585 2414 671 2473 missa
682 2415 722 2473 sit
734 2415 956 2486 conventualis,
969 2425 1000 2475 et
1015 2417 1173 2478 solemnis?
1284 2436 1285 2453 ι

163 2518 196 2560 ιι.
211 2500 280 2567 568.
295 2499 374 2559 Dum
393 2506 529 2557 cantatur
544 2498 740 2574 Matutinum,
756 2498 861 2575 nequit
872 2498 929 2558 dici
944 2499 1032 2560 missa
1042 2500 1075 2560 iu
1085 2500 1172 2562 alteri
1284 2584 1285 2587 Ἴ

165 2582 281 2660 majori.
301 2601 333 2643 ιι.
349 2583 420 2642 666.
438 2579 479 2642 ed
496 2600 528 2641 ιι.
546 2583 576 2642 6.

201 2667 318 2730 Medera·
336 2686 402 2728 cum
419 2667 562 2729 incisione
576 2667 623 2727 vel
642 2666 798 2728 adustione
814 2667 940 2728 vetitum
956 2668 1126 2742 monachis,
1139 2680 1171 2733 et

164 2752 276 2814 clericis
295 2753 326 2814 iu
342 2753 443 2811 sacris.
458 2747 480 2810 1.
494 2753 524 2813 7.
538 2770 570 2812 ιι.
586 2754 653 2813 586.
667 2750 708 2812 cd
724 2752 759 2814 V.
773 2751 819 2811 66
836 2752 1039 2814 beneficiatis?
1055 2773 1088 2814 ιι.
1099 2756 1167 2818 tet.

201 2835 372 2907 Mediator,
386 2835 454 2896 vide
468 2838 654 2897 intercessor.

201 2919 382 2981 Medicinam
399 2937 539 2997 respuere
561 2922 594 2981 in
616 2920 722 2983 morbo
747 2919 816 2981 levi.
831 2916 853 2979 1.
865 2924 896 2982 6.
910 2939 943 2982 ιι.
957 2923 996 2982 50
1011 2923 1105 2984 6156.
1122 2926 1169 2986 An

163 3006 200 3068 od
216 3004 388 3064 servandam
402 3005 492 3065 vitam
515 3015 670 3067 teneamur
691 3008 735 3066 uti
755 3005 899 3066 medicina
915 3007 1169 3078 extraordinaria,

163 3091 210 3153 vel
228 3088 316 3148 nimis
331 3088 471 3148 durnin.
489 3091 558 3150 576.
573 3091 761 3169 Presbyteri,
778 3099 835 3150 etc.
851 3092 1023 3165 medicine,
1039 3101 1091 3152 eut
1104 3091 1168 3169 juri

163 3173 242 3236 civili
265 3172 428 3232 studentes.
443 3169 466 3232 1.
483 3176 512 3234 5.
527 3193 558 3234 ιι.
575 3177 643 3235 156.
657 3177 735 3236 circo
751 3173 960 3253 66616666.

200 3253 343 3320 Medicus.
364 3258 512 3337 obligatio
531 3260 725 3320 medicorum.
737 3256 758 3320 1.
771 3262 800 3319 5.
813 3277 845 3319 ιι.
856 3261 925 3320 661.
943 3260 1074 3321 Modicus
1086 3270 1169 3322 tenc-

163 3353 214 3405 tur
232 3343 315 3420 sequi
336 3344 508 3422 opinionem
521 3347 675 3405 tutiorem.
688 3343 710 3405 1.
725 3347 754 3404 1.
767 3364 800 3406 ιι.
811 3347 861 3405 66.
873 3347 952 3419 Quid
965 3348 988 3406 si
1002 3365 1062 3406 non
1076 3366 1168 3426 appo-

163 3437 226 3491 nent
245 3429 413 3489 remedium
431 3437 566 3491 certum?
580 3451 612 3490 ιι.
626 3433 676 3490 tt.
695 3432 774 3504 Quid
791 3433 817 3491 si
827 3431 1001 3510 desperetur
1016 3431 1053 3491 de
1073 3434 1169 3491 saluta

111 3516 113 3518 ’
163 3512 339 3575 16666116.
357 3516 461 3593 66116
476 3515 648 3591 juramento
661 3515 846 3578 modicorum
859 3532 920 3578 non
932 3515 1069 3578 visitandi
1081 3516 1170 3576 intr«
1194 3524 1196 3528 ‘
