2642 4150
258 193 261 196 Α
361 138 407 196 De
417 132 613 216 prohibitione
630 132 784 195 librorum.
804 138 900 216 Caput
912 139 929 196 1
935 140 968 198 V.
1106 140 1163 201 2⁹25)

168 237 316 302 Geuuodii
334 235 466 296 nondbm
480 238 575 299 fuerat
588 236 752 294 damnatus.
767 238 995 296 Nclcbateutcm
1006 230 1068 314 ipse
1079 239 1163 298 illum

164 325 280 402 legere,
304 324 391 381 nimis
410 322 441 378 in
466 338 497 378 ea
521 338 554 377 re
574 320 721 396 scrupulis
747 320 924 397 indulgens3
948 332 976 380 at
1000 324 1037 382 de
1055 322 1110 383 hoc
1128 323 1164 381 cb

162 404 324 468 Hoeuu‘scla
335 405 390 462 scic
402 402 594 480 exprobratus
606 444 614 469 ‚
628 412 748 479 propter
769 403 983 480 tltud'oposcoti
1000 407 1164 475 monitum,

116 540 119 543 .
165 489 269 551 otuuiu
292 487 433 568 probute3
453 503 526 562 opus
545 493 588 543 est
602 486 679 543 enim
699 495 753 555 ‚ut
765 496 894 563 pastores
907 488 1002 563 eliqua
1019 489 1164 566 probent,

163 593 197 633 oc
215 573 321 632 deinde
347 587 414 628 oves
435 570 580 626 instruent
601 568 638 625 dc
657 569 717 641 iis,
741 588 806 645 quie
829 571 945 641 tenere,
964 580 993 630 ct
1008 590 1073 647 quae
1093 570 1167 645 abji-

163 676 231 719 cere
251 651 386 715 debeant}
414 654 517 711 Dicere
535 660 632 710 autem
662 671 730 712 eum
753 654 949 723 adversariis,
969 655 1049 731 quod
1068 655 1167 713 stricte

165 744 313 803 librorum
345 735 508 815 prohibitio
533 751 593 794 non
620 745 714 812 potest
743 755 804 795 esse
830 738 884 796 nisi
915 740 1101 815 perniciosa,
1132 736 1167 797 eb

165 824 246 902 qubd
266 823 420 882 libertinos
436 820 528 894 magis
541 819 577 876 ad
598 818 754 893 legendum
768 821 915 897 impellit:
938 820 1001 881 hoc·
1012 838 1168 899 ιιιςιιιῐιιιιι·ι

164 919 231 967 tum
257 904 394 980 infringit
419 902 517 961 omnia
549 902 706 971 Eeclcsiae,
739 901 799 961 imb
822 904 913 980 ipsius
936 906 989 963 Dei
1020 905 1166 968 mandate.

165 994 236 1053 Hoec
252 990 370 1067 quidem
389 994 432 1045 est
449 986 554 1044 misceo
567 985 723 1045 hominum
736 988 865 1046 conditio
878 1033 887 1061 ‚
901 998 935 1049 ut
947 991 1044 1050 vetite.
1054 990 1168 1051 ovidibs

166 1085 288 1155 putrore
311 1072 447 1149 eupiunt,
464 1067 547 1146 juxto
560 1071 680 1147 vulgare
698 1070 769 1129 illud
784 1074 992 1146 proverbium:
1005 1073 1169 1137 Probiottio

163 1165 289 1241 poneret
312 1155 482 1235 oppetituui.
502 1154 559 1212 Sed
585 1151 640 1213 hoc
662 1174 721 1214 non
742 1157 864 1226 evcnit,
890 1165 924 1215 ut
940 1159 981 1217 ait
1001 1158 1170 1239 Chry-soste-

164 1260 257 1316 utus,
278 1242 364 1299 Hom..
382 1240 430 1296 to.
450 1237 483 1295 iu
496 1235 593 1315 Epist.
613 1235 653 1296 uel
677 1240 761 1314 Rom.
785 1239 823 1298 ob
844 1241 915 1317 legis
936 1250 1093 1316 naturam,
1118 1244 1169 1304 se'd

166 1333 292 1404 psopter
312 1339 436 1393 eorum,
461 1320 512 1396 qui
536 1320 593 1394 legi
620 1330 759 1379 tenentur
782 1322 903 1398 parere,
930 1323 1085 1384 deiectum.
1110 1327 1170 1387 Au·

163 1408 305 1491 pitolinus
325 1405 399 1463 dixit
419 1424 426 1461 ε
453 1402 547 1461 Auxit
566 1401 725 1482 prohibitio
748 1403 943 1477 desiderium,
965 1408 1058 1466 Seem.
1085 1412 1116 1474 b.
1136 1410 1171 1469 de

172 1490 276 1555 Verbis
296 1484 434 1569 Apostoli.
457 1487 578 1545 Etslibi
600 1489 691 1546 :Hoc
716 1488 815 1565 ipsum
838 1488 916 1568 quud
939 1491 1170 1568 concupiscitur,

165 1575 207 1655 fit
219 1572 400 1654 jucundius,
424 1570 489 1630 celui
507 1578 633 1629 vetetur.
657 1569 769 1630 Ibicleuc
792 1590 817 1631 c.
841 1575 889 1633 lb.
910 1575 965 1633 Sed
986 1575 1057 1651 quid
1081 1575 1172 1635 iudet

168 1657 321 1734 Numquid
331 1656 409 1732 juste
423 1648 566 1730 ptueeepte
583 1673 617 1712 ex
631 1651 687 1712 hoc
706 1664 795 1714 erunt
807 1657 966 1734 pernicioso
978 1702 986 1727 ,
1000 1675 1032 1715 ue
1047 1658 1172 1735 proinde

168 1740 402 1821 permittendum
422 1740 500 1809 erit,
521 1747 554 1796 ut
573 1737 707 1796 homines
726 1750 813 1816 egent
836 1741 979 1819 quidquid
996 1742 1114 1802 velint?

210 1827 248 1884 X.
266 1824 421 1883 Peaesatum
435 1820 491 1880 hoc
504 1821 660 1881 ridiculum
675 1832 881 1899 argumentum
895 1825 1009 1900 primus
1019 1829 1171 1906 proposuit

169 1909 307 1988 petulans
329 1909 436 1966 Petrus
454 1907 565 1979 Soove,·
583 1905 633 1963 sed
664 1906 737 1963 illud
768 1906 883 1983 egregii
906 1907 993 1965 diluit
1014 1910 1173 1976 Cardinolis

169 1989 392 2057 Polloviciuus,
411 1990 525 2058 dicens,
550 1988 629 2065 qubd
647 1988 716 2048 licbt
741 1990 940 2049 lectionoxiu
954 1991 1108 2050 librorum«
1120 2011 1173 2070 pce

167 2074 233 2137 seb
249 2084 352 2133 nutura
369 2074 407 2132 sit
423 2075 529 2144 vetito,
542 2082 641 2133 tumen
654 2074 738 2133 valde
752 2071 870 2150 prodest
882 2074 918 2133 ad
934 2074 1065 2153 vitandos
1077 2077 1174 2154 lapsus

169 2157 303 2234 injuncto
316 2158 447 2215 Ecclesiae
461 2155 637 2234 prohibitio:
654 2157 862 2238 lupercioecbt
877 2157 958 2236 (sunt
971 2160 1060 2218 verbo
1069 2158 1175 2220 Pellu-

168 2241 274 2318 ticiui)
297 2241 443 2320 uceppiori
469 2241 579 2320 peecuti
590 2240 627 2302 si
648 2242 797 2322 schifauo,
820 2252 930 2303 meutre
964 2243 1175 2308 innumerabili

165 2342 292 2409 persone
304 2341 359 2403 per
372 2323 547 2385 ubbiclieuzo
566 2326 763 2387 retteueuclosi
774 2326 813 2386 oa
826 2328 853 2388 si
868 2328 941 2406 fatti
954 2326 1041 2400 libri,
1059 2330 1174 2390 rimac-

167 2428 231 2492 you
250 2405 333 2470 liberi
357 2405 409 2468 elul
425 2405 522 2478 vuele,
549 2408 583 2468 iu
608 2410 656 2467 cui
679 2407 706 2466 le
732 2410 860 2469 trorcbbe
880 2409 1176 2487 improvedutamcute

167 2514 237 2558 uuo
250 2490 292 2552 tal
308 2490 427 2552 lezioue.
440 2494 493 2552 Ne
504 2494 532 2552 si
548 2509 644 2570 scorpc
659 2490 792 2551 bestente
811 2492 845 2549 iu
865 2492 982 2569 pratica
997 2492 1021 2551 il
1048 2494 1177 2554 rimetter

169 2579 220 2640 cio
241 2572 303 2635 ullo
319 2576 465 2635 coscieuzo
479 2572 513 2634 cli
527 2574 681 2643 ciuecuuo,
702 2570 726 2632 il
743 2571 829 2650 quale
847 2574 1009 2645 considet,
1025 2591 1054 2633 sc
1075 2595 1118 2633 ceu
1135 2577 1178 2636 tal

169 2659 249 2723 libro
262 2655 286 2718 il
302 2677 401 2738 poupo
426 2657 458 2717 iu
478 2655 588 2719 lubrico
606 2656 639 2717 cli
658 2655 787 2732 cadulo,
801 2656 874 2716 ooule
887 2656 934 2716 sio
949 2659 982 2717 iu
999 2656 1178 2737 oblipezioue

170 2745 208 2807 cli
219 2761 279 2801 nou
293 2738 409 2801 uzarlo.
429 2743 535 2814 Queeto
549 2737 673 2820 periculo
689 2737 751 2799 secel
767 2742 795 2801 si
815 2758 949 2811 tepesco,
968 2758 997 2801 se
1008 2759 1068 2801 uon
1083 2742 1179 2816 turdi,

169 2827 241 2891 ecla
260 2846 310 2886 reu
326 2844 430 2906 procu.
447 2824 492 2883 oi
508 2824 594 2884 molle
615 2843 699 2905 opere
719 2826 739 2883 ct
757 2822 842 2884 eeeolti
861 2844 922 2885 ueu
941 2828 957 2886 t
976 2834 1047 2884 uoto
1067 2823 1097 2889 la
1116 2846 1185 2889 cote·v

171 2922 299 2972 teneuzo
311 2910 412 2989 primo
429 2906 507 2968 dello
520 2907 640 2969 lezieuc.
656 2908 739 2969 enoc
760 2928 779 2967 o
799 2909 843 2970 cio
860 2912 993 2990 tropput
1013 2907 1043 2972 lu
1055 2910 1179 2990 ficiauzo

169 2993 225 3056 ebe
237 2993 276 3055 ba
289 2991 403 3053 l’ltouw
420 2991 448 3052 si
467 2989 513 3052 del
527 3010 581 3053 suo
594 3008 696 3073 supere
707 3036 716 3060 ,
729 2991 779 3054 cbe
798 2990 845 3052 del
856 3013 909 3054 suo
924 3002 1022 3073 potere
1034 2995 1180 3056 :colosobe-

169 3079 255 3141 cluuo
271 3079 299 3138 ei
314 3075 476 3155 persuade,
500 3075 550 3136 ebe
578 3078 618 3137 ctu
637 3079 713 3138 uiuo
737 3077 881 3139 seduttore
897 3097 968 3139 suro
988 3081 1178 3160 inquunuto,

170 3161 217 3224 clo
238 3162 315 3220 eciem
334 3157 444 3219 oiscbio
463 3160 534 3218 saro
561 3162 735 3241 impauiato.
753 3162 793 3221 Le
812 3162 911 3224 notorie
929 3162 979 3223 cbe
1001 3173 1177 3230 raccoutouo

168 3243 279 3306 ciociae
296 3259 360 3302 eiua
383 3239 462 3302 voltu
483 3240 566 3320 su,t
586 3241 612 3302 le
630 3240 727 3322 fauole
744 3243 792 3312 ebe
810 3253 1041 3327 ceppreseutauo
1062 3248 1106 3306 cio
1129 3243 1179 3301 cte

168 3323 261 3388 eeeolte
275 3322 350 3385 volte
375 3321 441 3384 secel
465 3330 572 3398 essere,
595 3344 649 3387 sou
671 3326 757 3406 pieue
776 3328 816 3389 oi:
836 3329 942 3407 esempj
955 3373 963 3398 ‚
976 3327 1085 3407 iqucli
1102 3327 1179 3382 iuce-

166 3429 275 3494 queue
287 3453 296 3482 ‚
309 3418 426 3488 qccuuto
438 3409 471 3468 iu
484 3409 528 3472 cib
542 3410 589 3472 siu
603 3409 634 3470 lu
648 3414 841 3491 preeuuzioue
853 3409 1060 3492 depliiioueiui
1077 3412 1181 3466 aecem

165 3491 206 3555 al
218 3493 296 3573 fulto
308 3536 317 3566 ,
330 3501 445 3573 quotue
468 3489 500 3552 lo
522 3493 675 3559 deboleeze
695 3493 744 3557 uel
763 3494 862 3576 satt03
877 3492 1028 3635 sensanpc
1052 3487 1083 3550 la
1096 3491 1180 3577 proi·
1269 3498 1271 3501 ’
