2642 4150
486 190 565 250 Pers
581 186 692 270 primo.
707 186 734 269 S.
749 190 774 250 l.
1111 191 1131 253 3

122 291 245 377 prorsuis
258 292 384 355 muliere
398 289 578 351 consuetudo
597 298 739 369 suspecta.
753 292 873 367 ltaque,
887 289 931 352 uti
942 290 1013 353 sciti
1030 298 1133 352 monet

120 373 1129 453 Bsneci.XIV.deSyu.Dioee.l.ll.e.l.n.7.Decretalis1aaoc.111.

121 463 257 543 regulam
276 460 430 522 constituit
450 457 649 518 universalem
677 459 874 518 communiter
896 458 1133 535 observandam

122 547 277 607 decretum
300 551 401 603 autem
423 538 647 603 uanucsensct
673 541 760 622 orep.
784 543 845 603 IX.
869 542 1028 621 probatum
1047 543 1134 621 ponit

122 630 234 708 regulae
246 627 458 691 limitationem
476 624 509 684 in
520 625 695 702 specialibus
703 624 820 687 unitim
832 625 1008 705 quibusdam
1020 626 1134 688 menti·

122 713 179 775 bus
196 711 407 773 adhibendam.
998 712 1001 719 '

163 826 270 884 Cenon
286 822 323 884 V.
343 817 490 881 contincta
505 813 618 896 aliquid
629 816 829 896 permittentis
840 816 930 880 serbo
940 836 1001 881 non
1012 820 1082 881 iicet
1095 819 1133 880 ad

122 925 243 973 sensum
265 904 384 967 trahere
394 903 536 965 catholico
549 901 679 981 dogmati
691 911 918 980 repugnantem,
930 913 982 965 aut
995 903 1033 965 ab
1045 904 1133 965 obvio

122 1001 307 1071 verberum,
321 996 430 1075 quibus
440 996 591 1056 decretum
608 994 683 1053 illud
693 993 805 1054 editum
818 1004 862 1055 est
874 1039 882 1068 ‚
894 1013 979 1056 sensu
992 997 1131 1057 alienum.

124 1088 233 1147 Contra
244 1082 325 1141 bunc
342 1098 485 1161 canonem
502 1087 645 1158 peccant,
664 1079 715 1156 qui
729 1079 832 1140 Itanos.
849 1081 878 1140 1.
892 1081 982 1141 verba
996 1082 1028 1141 in
1045 1082 1132 1159 epist.

125 1169 165 1230 ad
176 1164 350 1229 Decentium
362 1187 373 1223 .·
388 1162 474 1238 Quod
482 1163 591 1241 (oleum
608 1163 737 1240 sacrum)
750 1162 787 1225 ab
801 1160 947 1245 Episcopo
959 1162 1133 1244 confectum,

126 1270 190 1315 non
203 1248 301 1312 saltim
314 1246 530 1323 sacerdotibus,
543 1244 594 1306 sed
613 1253 642 1305 et
653 1245 788 1307 omnibus
799 1248 846 1307 oti
863 1246 1040 1309 Christianis
1053 1245 1132 1319 licet,

124 1336 160 1397 in
173 1354 246 1409 scca,
258 1334 353 1392 autin
363 1349 485 1392 suornm
497 1328 714 1390 necessitatene
725 1329 910 1411 ungendum
921 1334 987 1410 qui,
998 1335 1132 1411 inquam,

125 1421 168 1481 ita
182 1419 247 1478 base
259 1418 511 1493 interpretantur,
526 1423 560 1473 ut
571 1431 674 1472 omnes
686 1411 860 1473 christianos
869 1422 1007 1475 extremae
1021 1416 1138 1475 Unctio-

127 1504 177 1563 nis
197 1499 348 1560 ministros
366 1496 558 1559 Innocentius
577 1496 727 1556 indicarit.
743 1496 836 1556 Porrd
859 1514 927 1555 cum
940 1494 1114 1557 Maidonetu
1123 1539 1135 1573 ,

128 1588 255 1663 aliisque
265 1583 281 1644 d
290 1583 398 1644 Benaci.
407 1586 459 1645 XI
464 1586 498 1645 V.
506 1583 602 1642 citatis
611 1580 649 1641 de
661 1583 734 1661 Syn.
747 1581 839 1642 Dioeo.
851 1582 873 1640 l.
884 1583 913 1641 8.
922 1600 949 1641 c.
963 1582 994 1641 l.
1008 1600 1092 1641 num.
1105 1583 1135 1643 5.
1183 1584 1188 1591 '

126 1669 378 1734 verisimillimum
398 1675 462 1741 est,
481 1667 614 1728 locutum
639 1665 729 1726 luisse
755 1667 908 1726 innocent.
931 1665 969 1727 de
992 1666 1137 1727 Unctione

127 1777 190 1821 non
205 1754 319 1829 oetion,
338 1753 388 1813 sed
406 1751 551 1833 passive,
571 1750 629 1812 boc
647 1760 694 1812 cst
710 1752 748 1811 de
764 1769 825 1812 non
838 1752 1013 1825 conatione,
1032 1746 1085 1812 sed
1099 1751 1137 1813 de

127 1842 298 1920 receptione
317 1838 515 1911 sacramenti,
532 1855 626 1915 quum
649 1845 763 1908 esserum
784 1837 836 1914 qui
858 1838 924 1898 olee
953 1844 1053 1897 sancto
1073 1837 1136 1897 solo

127 1926 234 2005 inungi
247 1939 331 2003 posse
346 1930 499 1983 censerent
517 1920 534 1980 b
549 1921 656 1998 quibus
669 1920 844 1994 conficitur,
862 1921 1037 1983 sacerdotes.
1050 1918 1136 1984 Certe

127 2013 229 2092 ipsum
241 2010 367 2070 uerbum
381 2009 428 2069 etti
438 2007 494 2068 boe
508 2007 629 2067 indicat.

170 2122 274 2181 Conon
291 2121 345 2182 vt.
360 2118 390 2177 Si
404 2118 538 2178 Pontifex
549 2116 662 2195 aliquid
678 2116 838 2190 concedat,
852 2116 932 2195 quod
946 2113 1031 2195 priris
1050 2132 1138 2195 nega·

127 2213 234 2278 vorat,
253 2222 290 2264 ex
303 2203 405 2281 priore
417 2202 467 2261 illa
485 2202 660 2280 negatione,
676 2201 748 2279 quid
762 2203 920 2279 peripsum
931 2198 1037 2261 deinde
1048 2201 1139 2262 licue-

128 2291 192 2360 rit,
213 2286 326 2367 optime
350 2286 536 2363 intelligitur.
551 2287 626 2345 ilinc
644 2304 738 2364 quum
749 2287 782 2346 S.
799 2287 885 2367 Grcp.
896 2288 1027 2367 Megnus
1039 2287 1094 2348 lib.
1106 2290 1137 2350 l.

129 2373 249 2451 Epzas.
264 2371 434 2432 calaritanis
446 2369 627 2449 presbyteris
648 2370 818 2430 facultatem
840 2369 971 2450 ungendi
991 2370 1139 2451 irascente

131 2456 298 2535 baptizatos
320 2453 451 2533 insontes
466 2454 619 2527 concedit,
638 2472 728 2532 quam
747 2454 852 2515 iisdem
867 2457 922 2534 Ep.
933 2457 963 2515 e.
978 2454 1140 2535 denegave-

19 2583 21 2588 ·
130 2548 200 2614 rat,
223 2542 262 2601 de
282 2542 421 2600 unctidne
437 2539 659 2600 confirmatoria
676 2541 808 2600 locutum
825 2540 911 2599 illum
926 2540 1015 2599 luisse
1027 2549 1141 2601 constat

132 2628 223 2687 ctiam
238 2626 293 2701 Ep.
305 2623 355 2683 uo.
373 2641 467 2701 quum
482 2623 671 2682 manifestum
696 2624 754 2694 sit,
774 2639 839 2680 eam
859 2624 1031 2681 unctionem
1055 2621 1139 2699 priris

130 2713 185 2788 Ep.
206 2710 235 2770 9.
245 2708 333 2767 luisse
342 2706 429 2768 illisa
443 2707 584 2768 Pontifiee
593 2706 778 2785 denegatam.
792 2701 988 2767 videceecect.
1001 2707 1052 2767 XI
1059 2708 1092 2770 V.
1102 2707 1139 2768 de

104 2863 108 2869 v
132 2795 206 2873 Syn.
219 2791 306 2853 dioec.
318 2791 370 2851 lib.
385 2793 415 2852 7.
428 2809 492 2869 cap.
506 2792 536 2851 7.
549 2810 579 2851 n.
595 2792 623 2851 5.

130 2893 136 2956 2
173 2900 611 2979 cononvl1.t²rivitegiocum
630 2917 685 2979 per
711 2900 884 2962 Pontificem
901 2901 1075 2962 universalis
1087 2902 1140 2963 ab·

131 2985 247 3062 rogatio
270 3000 331 3044 non
356 2984 503 3064 impedit,
525 2984 685 3061 quominus
714 2986 802 3054 alicui
828 2985 964 3062 abrogata
988 2986 1140 3067 privilegia

132 3069 245 3146 iterium
265 3086 319 3148 per
336 3070 429 3131 alium
446 3070 618 3130 Pontificem
635 3079 687 3130 aut
704 3072 795 3131 etiam
815 3088 869 3149 per
882 3071 1019 3132 eumdem
1037 3091 1140 3135 conee-

132 3154 256 3215 dantur.
271 3154 347 3214 ilinc
361 3155 415 3214 etsi
425 3156 575 3215 communi
588 3155 772 3233 Scriptorum
781 3155 920 3235 suffragio
930 3167 996 3235 pest
1005 3160 1037 3219 S.
1045 3156 1099 3219 Pii
1104 3162 1138 3222 V.

132 3238 383 3312 ¹constitutionem
393 3237 603 3300 Sanctissimae
625 3238 659 3299 in
679 3239 793 3301 Christo
809 3257 869 3302 non
883 3242 952 3321 lieet
965 3243 1051 3304 ullibi
1064 3244 1141 3303 cele·

132 3322 221 3385 brat-e
240 3323 345 3384 missas
361 3324 393 3384 in
413 3325 568 3403 pervigilio
590 3326 756 3387 Natiuitatis
771 3336 840 3387 ante
858 3328 985 3388 mediam
1001 3336 1138 3397 noctem,

134 3415 197 3467 este
216 3425 254 3467 ex
272 3407 303 3466 ri
321 3407 554 3486 precedentium
569 3410 795 3489 privilegiorum
815 3411 846 3471 id
865 3413 938 3473 olim
957 3414 989 3472 in
1008 3408 1142 3470 Emlesiis

28 3565 29 3568 Ἴ
134 3490 248 3569 aliquot
269 3491 444 3552 obtinuisset
467 3514 475 3552 ε
498 3502 597 3555 tamen
612 3494 637 3553 is
653 3512 718 3556 mos
730 3497 893 3556 etiamnum
919 3497 951 3554 in
964 3490 1141 3570 quibusdam

28 3579 30 3598 ¹
134 3574 329 3650 ‚Veneriorum
348 3576 466 3658 templis
488 3577 568 3641 licite
586 3588 776 3657 perseverat,
794 3579 843 3639 vel
860 3578 899 3636 ob
913 3577 970 3636 alia
990 3573 1142 3652 privilegia
