2642 4150
357 228 362 237 ·
385 192 387 197 ’
445 198 523 261 Pars
538 191 675 255 secundm
692 193 788 274 Caput
798 195 828 255 1.
1100 199 1139 258 2⁰

125 302 294 386 pnesertt'm
318 293 491 379 difficillimo
509 303 655 375 tompore,
672 294 796 375 prorsas
815 310 868 356 nos
887 301 983 356 teneat
1001 292 1146 377 imposito

129 386 272 453 tenuitati
285 391 395 448 nostroe
414 377 577 445 sollicitudo
600 379 733 441 omnium
754 375 970 451 tentatorum,
995 397 1056 442 non
1068 383 1140 441 sani

129 471 315 542 mirabitur,
331 465 447 528 tamdiu
464 459 522 525 sibi
537 464 789 545 procrastinatum
807 462 900 545 {uisse
913 482 1084 544 responsum
1101 462 1141 526 ad

129 550 182 617 eas
203 554 336 621 litteras,
355 550 462 633 quibus
475 546 641 629 Apostolicot
653 546 826 615 auctoritate
842 545 1041 610 dissolvendas
1055 567 1141 631 ropa-

129 643 177 702 oit
188 639 305 703 obortas
317 636 352 704 in
364 633 515 715 Hispania
528 631 741 714 disputationes
752 630 895 712 aliquosi
906 632 1020 695 duabus
1032 631 1142 694 nostris

130 727 163 786 E
161 721 278 805 pistolis
292 720 332 783 ad
348 736 447 781 ornnes
457 716 616 798 Episcopos
628 715 789 796 superioris
800 718 877 776 anni
891 721 960 778 llll
974 763 983 789 ‚
997 719 1034 778 50
1047 716 1140 798 maji,

130 816 162 872 et
179 813 217 873 22
236 805 356 888 aupusti
365 850 373 876 ‚
388 802 494 883 quibus
510 801 592 861 intra
611 797 753 881 lepitimos
768 799 844 881 fines
861 801 1039 864 coercuimus
1055 802 1141 863 inva-

131 893 282 955 lescentem
290 889 474 953 ecclesiastici
478 887 591 970 jejunii
597 884 821 948 relaxationem.
830 888 935 949 Potids
942 888 970 948 ei
978 889 1010 948 in
1018 897 1141 949 arentem

131 980 232 1040 ueniet
250 976 377 1056 copitare
389 963 423 1035 dc
437 967 587 1053 siupalari
606 981 705 1033 nostro
725 972 758 1033 in
770 970 1021 1053 relipiosissimam
1031 972 1141 1054 Hispa·

132 1082 210 1124 nam
225 1058 384 1123 Ecclesiam
400 1075 517 1127 ornare,
535 1055 613 1118 unde
628 1073 700 1125 nos,
715 1055 859 1118 iinmensd
875 1052 941 1117 licit
955 1076 1055 1119 rernm
1069 1054 1142 1118 nate

133 1144 300 1227 summitas,
325 1144 366 1205 ad
392 1139 604 1222 expediendum
626 1139 686 1202 sibi
706 1143 739 1201 in
765 1143 848 1202 aneni
871 1160 928 1202 suo
951 1139 1144 1223 perplexitate

87 1274 90 1303 t
133 1227 244 1293 salutis
264 1231 424 1308 iter'opem
441 1234 574 1286 nostram
598 1227 706 1306 prastd
725 1225 821 1288 babet.
842 1229 1031 1306 Quamquam
1051 1226 1144 1307 ipitur

86 1342 90 1355 ·
132 1314 208 1374 ‹lrrm
223 1312 440 1394 pronuntiatos
449 1309 677 1369 constitutiones
690 1308 853 1383 edidimus,
866 1330 927 1372 non
940 1308 1025 1372 aliud
1037 1327 1143 1392 propo·

132 1398 230 1458 sitnm
249 1395 332 1456 nobis
354 1394 465 1474 suerit,
488 1413 523 1454 ac
547 1394 708 1473 rabanum
729 1413 892 1475 paritorum
915 1394 1006 1456 nimis
1027 1395 1145 1476 inpenio

134 1479 296 1559 fidentium
322 1477 527 1559 Tbeoloporunc
548 1476 719 1553 licentiam,
743 1479 798 1558 (μα’
819 1478 994 1556 opinionum
1017 1479 1145 1538 novitate

133 1561 292 1649 patulcum
309 1582 359 1627 nco
374 1564 484 1638 otium,
504 1581 556 1624 neo
572 1562 692 1622 animus
713 1561 797 1622 uobis
816 1561 908 1641 suerit
928 1561 1050 1641 definire
1065 1561 1146 1643 quic·

134 1647 215 1730 perid
231 1646 334 1710 subtili
350 1648 540 1729 indapatipne
561 1647 666 1709 deduci
683 1647 777 1727 possit
795 1667 832 1708 ee
850 1649 1002 1729 proposita
1023 1645 1146 1709 duobis

127 1732 295 1816 jejunandi
306 1731 408 1814 rapula
422 1757 432 1794 .·
449 1742 546 1793 tatrren
558 1732 669 1793 cairnia
684 1741 809 1814 paterna
825 1732 968 1794 claritate
981 1730 1145 1813 complecti·

133 1837 206 1878 resur
221 1816 293 1879 adei
306 1817 576 1879 observantissimos
587 1821 727 1878 Romana
736 1817 817 1880 Sedis
828 1817 996 1898 Hispanos,
1012 1817 1146 1897 tantique

132 1901 265 1981 [ecimus
291 1900 501 1964 obsccrationcs
526 1910 613 1977 tuos,
641 1910 677 1963 ut
702 1920 848 1962 occurrere
872 1902 1020 1963 anxietati
1043 1911 1146 1963 vestra

133 1982 259 2046 libenter
277 1985 469 2067 adjecerimus
488 1985 641 2056 animum,
659 1995 688 2047 et
707 2003 761 2047 uos
782 1985 844 2066 ipsi
859 1986 1033 2067 questiones
1048 1984 1101 2046 abs
1120 1994 1146 2046 tc

131 2068 303 2156 propositas
325 2068 508 2133 dirimendas
528 2069 775 2132 constituerimus.
788 2069 837 2131 Sic
855 2079 953 2131 aretem
971 2089 1000 2131 se
1015 2068 1145 2130 babent:

175 2158 199 2215 1.
231 2155 358 2228 Utrum,
382 2172 450 2233 qua
476 2156 510 2216 in
539 2153 694 2216 antedictis
720 2156 829 2216 nostris
856 2151 962 2216 litteris
985 2153 1018 2215 in
1047 2152 1148 2234 forma

133 2240 241 2300 Breuis
263 2238 299 2299 de
317 2237 407 2299 rcnica
436 2239 627 2311 comestione,
660 2247 689 2301 et
720 2239 754 2301 dc
775 2238 870 2321 epulis
894 2259 955 2301 uon
973 2238 1148 2318 permiscen-

133 2322 183 2385 clis
204 2322 455 2404 praescribuntur,
476 2322 530 2385 sub
546 2323 636 2404 provi
649 2323 738 2384 etiarn
755 2333 896 2406 pracepto
910 2322 1147 2406 prohibeantur?

174 2408 425 2484 Respondemus:
453 2408 641 2469 concedentes
661 2406 834 2488 facultatem
858 2407 990 2470 ocscendi
1009 2406 1148 2468 carnibus

135 2499 264 2572 tompore
283 2496 390 2564 uetito,
412 2493 465 2556 sub
482 2493 571 2573 praei
586 2495 678 2554 tenisi
697 2493 810 2554 casdcrn
831 2492 988 2573 facultates
1009 2512 1070 2553 non
1090 2488 1148 2550 ali·

135 2583 182 2635 ter
192 2575 284 2651 dare,
308 2578 397 2657 qndm
405 2577 531 2658 pominis
542 2578 618 2638 bisce
631 2576 753 2658 adjectis
770 2577 1005 2646 conditionibus,
1019 2573 1149 2635 uidelicet

132 2661 231 2721 ctetica
247 2660 282 2720 ia
305 2659 383 2721 diem
402 2661 608 2732 comestionis,
632 2669 660 2720 et
678 2680 738 2721 non
760 2660 1027 2739 permiscendarum
1047 2654 1150 2738 epula·

133 2762 216 2811 reem.
244 2746 309 2811 Eos
340 2747 408 2807 ocri
432 2745 486 2827 qui
512 2743 684 2827 hujusmodi
702 2742 895 2822 facultatibus
918 2749 1070 2815 utuntur,
1094 2740 1149 2803 sub

131 2829 225 2911 pravi
244 2828 286 2890 od
306 2828 393 2891 binas
414 2830 495 2911 ipsas
508 2829 687 2891 conditiones
699 2825 864 2908 implendas
881 2825 1019 2909 oblcpari.

175 2913 216 2971 ll.
231 2916 280 2973 An
297 2912 350 2989 bi,
365 2914 471 2993 quibus
484 2932 647 2975 concessum
668 2922 711 2973 est
724 2912 800 2973 vesci
813 2913 971 2991 carnibus,
989 2917 1103 2996 possint
1116 2920 1149 2979 in

132 2997 304 3077 vespertino
329 2994 595 3082 refectiunculam
621 2999 788 3078 quatrtilate
810 2999 909 3062 cornis
932 3002 1007 3063 vesci
1028 3004 1149 3086 quaje-

132 3078 315 3158 decanatibus
325 3084 533 3164 pernritlitur?

177 3166 423 3242 Respondemus:
441 3168 510 3227 Non
520 3163 603 3226 licere
615 3210 623 3237 ‚
634 3165 684 3230 sed
700 3186 774 3248 opas
787 3167 914 3240 habim,
934 3189 966 3232 eo
986 3172 1047 3234 cibo
1058 3177 1149 3252 eda-m

133 3245 184 3305 uti
198 3250 332 3328 portlone
341 3295 351 3326 ‚
370 3248 477 3329 quibus
490 3257 617 3310 utuntur
633 3249 765 3313 bornines
778 3252 950 3334 jejunantes
965 3265 1048 3317 recta
1064 3254 1148 3316 meti·

138 3328 247 3395 cretosa
269 3333 462 3396 couscientia.

176 3417 229 3475 111.
245 3420 294 3477 Aa
307 3416 481 3499 quijcjuuii
503 3426 629 3501 tempore
650 3420 725 3480 vesci
749 3422 888 3488 carnibus
912 3422 1125 3502 permittuntur
1135 3462 1147 3491 ‚

132 3505 166 3557 ct
202 3499 293 3561 crnicd
333 3499 537 3580 cartressatione
567 3502 615 3562 uti
648 3502 781 3579 debent,
809 3506 913 3568 boram
942 3496 1154 3581 jejunantibus.

135 3584 344 3666 praecriptam
358 3602 474 3650 seruarc
486 3605 560 3670 opus
574 3584 727 3649 babeant?
