2642 4150
112 248 113 251 ,
189 183 246 246 lid
390 183 436 247 De
455 194 645 248 aomanorum
660 181 777 263 Pontis.
794 180 929 261 conte,
946 189 997 246 ete.

227 283 410 363 Iampridem
428 292 526 344 sancta
548 282 611 345 hace
630 282 740 355 Sedes,
760 281 806 343 his
827 284 914 345 sectis
935 282 1074 357 detectis,
1087 302 1197 364 magna

189 367 341 448 liberaque
360 387 432 430 voee
454 377 556 430 eontra
579 386 628 429 eas
646 367 804 440 clamavit,
824 378 855 428 et
874 368 1011 440 consilia,
1031 387 1097 446 quae
1117 371 1197 433 elam

190 454 227 516 ab
243 455 281 515 iis
295 464 391 517 essent
407 454 480 516 inita
505 462 607 516 eontra
620 452 820 531 Religionem,
833 450 896 513 imd
913 459 944 512 et
959 461 1060 512 eontra
1077 454 1196 516 civilem

190 538 378 612 societatem,
392 538 540 618 patefecit.
556 537 739 616 iampridem
759 537 894 597 omnium
914 536 1050 597 excitavit
1068 535 1198 615 diligen·

191 621 281 696 tiam,
296 633 331 684 ut
345 632 504 696 caverent,
521 641 559 685 ne
575 621 622 683 his
637 623 722 683 sectis
744 621 774 681 id
789 621 923 682 coronari
942 620 1045 681 liceret
1058 622 1137 699 quod
1148 640 1198 682 ne·

189 705 262 768 sarid
286 708 514 770 meditabantur.
534 706 647 769 Verium
670 706 832 768 dolendum
858 714 924 777 est,
943 704 991 766 his
1016 706 1099 765 Sedis
1113 726 1197 785 apo·

191 791 301 854 stolieoe
315 793 419 854 studiis
437 810 498 854 non
514 810 583 853 eum
603 793 715 853 exitum
729 789 914 869 respondisse
926 808 1015 868 quem
1031 792 1093 868 ipsa
1108 809 1199 870 expe-

191 875 310 948 ctabat,
334 886 364 937 et
388 878 524 938 scelestos
548 875 684 938 homines
708 874 898 953 nunqnamit
922 884 1054 953 suscepto
1075 877 1198 936 consilio

192 955 355 1021 destitisse:
369 959 448 1020 unde
460 969 612 1027 consecuta
622 960 742 1021 tandem
755 977 789 1020 ea
802 958 878 1020 mala
888 969 958 1020 sunt
969 1004 978 1033 ,
989 977 1056 1036 quar
1068 970 1198 1021 nosmet·

193 1041 249 1121 ipsi
265 1045 469 1124 perspeximus
488 1066 496 1103 ε
520 1044 581 1107 intel
597 1042 751 1121 homines,
765 1062 894 1121 quorum
909 1044 1046 1123 superbia
1067 1045 1197 1106 ascendit

192 1143 324 1207 semper,
346 1146 436 1191 novas
456 1132 544 1191 etiam
568 1138 693 1190 secretas
711 1130 863 1191 societates
882 1129 958 1189 inire
971 1129 1034 1190 ausi
1048 1138 1127 1189 sunt.

230 1244 460 1306 Commemorari
479 1243 613 1306 hocloco
627 1244 717 1305 debet
731 1244 851 1305 societas
867 1261 963 1323 nuper
976 1253 1057 1319 orta,
1070 1254 1100 1307 et
1111 1248 1198 1326 longe

194 1325 312 1407 lateque
329 1328 362 1388 in
383 1330 466 1391 ltalia
479 1329 602 1407 aliisque
621 1330 652 1390 in
669 1329 840 1409 regionibus
857 1338 1036 1408 propagata,
1050 1332 1199 1409 quaelicet

193 1412 227 1473 in
243 1412 344 1491 plures
362 1423 453 1475 sectas
469 1413 563 1475 divisa
582 1416 621 1475 sit
644 1432 678 1475 ae
695 1433 751 1495 pro
764 1431 866 1474 earnm
882 1415 1024 1475 varietate
1038 1415 1153 1476 diversa
1167 1436 1200 1478 ae

194 1495 331 1558 distincta
344 1499 423 1559 inter
435 1517 466 1560 se
482 1500 603 1568 nomina
620 1499 780 1577 aliquando
793 1507 937 1571 assonam,
954 1516 988 1558 re
1004 1508 1119 1572 tamen,
1133 1519 1201 1561 sen·

194 1582 355 1644 tentiarum
379 1593 408 1644 et
434 1585 599 1646 facinorum
626 1585 857 1655 communione,
881 1592 912 1643 et
936 1583 1045 1644 loedere
1070 1587 1200 1663 quodam

193 1666 286 1739 inito,
305 1685 365 1728 una
377 1677 437 1741 est,
458 1678 488 1728 et
503 1667 751 1730 Carbonariorrcm
760 1669 944 1748 plerumque
958 1670 1034 1730 solet
1044 1673 1198 1750 appellari.

194 1749 340 1812 Simulanl
356 1752 404 1822 ,itti
422 1752 542 1830 quidem
564 1754 744 1830 singularem
757 1753 971 1814 observantiam
991 1763 1021 1817 ei
1039 1756 1199 1817 miriticum

194 1833 344 1912 quoddam
362 1836 495 1896 studium
516 1837 548 1896 in
570 1836 742 1898 catholicam
760 1838 943 1916 Religionem
960 1849 990 1900 et
1008 1842 1077 1901 Jcsu
1090 1840 1199 1901 Christi

194 1920 356 1980 Servatoris
368 1921 463 1982 nostri
476 1938 632 1999 personam
646 1931 677 1982 et
693 1922 878 1993 doctrinam,
896 1941 985 2000 quem
1002 1925 1091 1984 etiarn
1107 1927 1200 1986 sceie-

194 2003 263 2064 tatis
279 2021 339 2065 suae
356 2014 501 2066 rectorem
515 2016 545 2067 et
560 2024 701 2086 magnum
719 2007 893 2084 magistrum
914 2007 1024 2069 nefarie
1040 2008 1200 2088 aliqnando

193 2088 302 2150 audent
329 2091 489 2170 appellare.
511 2088 621 2152 Vertim
651 2109 803 2153 sermones
831 2091 882 2163 hi,
898 2094 956 2170 ·qui
984 2111 1074 2172 super
1099 2097 1201 2156 oleum

194 2173 301 2233 molliti
324 2175 485 2248 videntur,
507 2175 582 2236 nihil
602 2176 683 2236 aliud
707 2184 799 2248 sunt,
822 2177 910 2254 quim
930 2175 1026 2253 jacula
1047 2178 1084 2237 ad
1106 2178 1200 2240 tutids

192 2257 389 2319 vulnerandos
412 2259 512 2321 minds
537 2259 693 2333 cautos,ir
719 2260 831 2320 callidis
851 2254 1022 2322 hominibus
1044 2261 1198 2334 adhibita,

193 2340 245 2419 qni
265 2343 390 2404 veniunt
410 2345 443 2407 in
467 2345 651 2406 vestimentis
675 2345 796 2420 ovium,
809 2344 986 2415 intrinsecis
1009 2356 1110 2408 antem
1129 2356 1199 2409 sunt

193 2424 258 2504 lupi
276 2444 404 2507 rapaces.

232 2526 309 2590 Sane
325 2524 544 2593 severissimum
564 2533 639 2594 illud
655 2532 885 2611 jusjurandum,
904 2551 981 2612 quo,
1004 2542 1120 2596 veteres
1133 2536 1200 2596 Pri·

193 2615 375 2676 seillianistas
394 2635 499 2697 magna
518 2636 554 2679 ex
574 2629 656 2698 parte
679 2620 843 2690 imitantes,
857 2620 1053 2698 pollicentur,
1070 2638 1102 2680 se
1115 2620 1199 2681 nullo

195 2706 325 2779 unquam
354 2709 487 2782 ternpore
511 2705 631 2766 nullove
655 2723 722 2765 casu
743 2703 790 2764 rel
816 2707 1008 2782 patefacturos
1027 2703 1200 2765 hominibus

194 2786 225 2846 in
244 2787 410 2849 societatem
428 2807 489 2848 nnn
505 2789 658 2867 adscriptis
678 2790 840 2868 quidquam
859 2791 939 2868 quod
952 2807 1016 2850 eam
1030 2790 1201 2850 societatem

194 2871 347 2949 respiciat,
359 2873 406 2931 vel
418 2876 685 2935 communicaturos
702 2893 771 2935 eum
790 2876 826 2935 iis
844 2876 896 2953 qui
916 2877 948 2936 in
965 2875 1105 2953 gradibus
1124 2875 1201 2935 inie-

195 2954 323 3014 rioribus
342 2966 497 3018 versantur
510 2958 622 3035 aliquid
642 2959 723 3036 quod
738 2958 775 3017 ad
788 2959 893 3037 gratim
905 2961 1049 3038 pertinent
1064 2959 1200 3038 superio·

193 3056 241 3099 res
250 3058 259 3114 3
269 3038 446 3100 clandestina
458 3044 508 3102 illa
524 3051 664 3122 praeterea
680 3053 710 3104 et
723 3045 877 3123 illegitima
896 3043 1119 3114 conventicula,
1133 3061 1201 3120 quae

194 3121 307 3183 morel
326 3123 461 3200 pluribus
474 3124 617 3189 hereticis
631 3139 772 3207 usurpato
782 3172 790 3200 ,
802 3129 858 3208 ipsi
868 3127 996 3200 habent,
1008 3135 1039 3187 et
1049 3128 1199 3204 eoiiptatio

193 3209 349 3287 hominnm
370 3207 579 3290 cujuscumque
598 3214 751 3293 religionis
774 3223 804 3274 et
825 3222 910 3274 sectae
933 3213 966 3272 in
981 3230 1063 3271 suam
1076 3213 1199 3271 societa-

193 3305 271 3373 tem3
284 3294 338 3355 etsi
357 3302 460 3354 enteca
479 3295 627 3368 deessent,
648 3300 719 3358 satis
741 3297 936 3377 persuadent,
951 3295 1063 3356 nudam
1084 3311 1198 3356 mema-

192 3379 264 3441 ratis
280 3395 384 3440 eorum
400 3377 485 3439 dietis
507 3379 597 3442 fidem
614 3381 717 3444 haberi
737 3389 884 3460 oportere.

232 3494 344 3558 Vertim
362 3492 538 3574 conjecturis
558 3507 589 3560 et
608 3501 789 3579 argumentis
813 3518 887 3578 opus
905 3518 966 3561 non
981 3504 1042 3572 cst,
1060 3503 1095 3555 ut
1109 3495 1149 3554 ita
1160 3493 1197 3565 de

193 3597 296 3643 eorum
314 3580 400 3645 dictis
416 3580 588 3664 judicetur,
609 3580 858 3664 quemadmodum
879 3581 1014 3664 superirls
1033 3579 1196 3644 indicatum
