2642 4150
602 156 762 239 Appiaria

593 339 711 402 carui
726 342 764 401 11.

374 507 431 587 De
445 512 642 618 privilegiis
657 511 990 593 ecclesiasticorum.

182 706 325 777 06116616
333 704 599 763 rebecrccleeiortiai
608 709 666 763 obit
676 709 795 776 coempti
804 708 823 762 ei
832 714 969 778 potestate
980 710 1084 767 1616611.
1097 717 1182 771 lullo

211 780 363 848 priaiiepiie
377 781 506 839 comis,
529 788 555 833 rt
571 780 629 849 [cri
644 781 738 849 quood
755 796 900 847 puteaco.
922 785 964 836 19.
983 787 1180 848 1166666666.

211 855 254 907 20.
267 854 333 917 (tois
343 853 463 919 panosus
474 853 632 919 menradi
640 852 799 920 priuilepiia.
811 853 1131 922 21.Debeuefisiatia.22.
1142 863 1182 912 lie

213 925 374 991 tonsuratis.
385 927 432 977 13..
440 925 479 978 lta
489 924 546 978 illie
559 923 608 992 qui
627 924 812 991 deposuerunt
828 925 961 980 lubitum.
973 929 1015 982 21.
1026 930 1066 982 De
1079 928 1180 983 intrau-

212 997 301 1051 uitale
309 998 422 1065 piorum
438 997 571 1052 iocorum.
583 998 625 1049 25.
638 996 676 1049 orl
690 998 733 1048 28.

219 1154 267 1214 18.
283 1183 322 1200 ·-
336 1153 524 1216 Ecclesiastici
539 1152 606 1230 jore
631 1150 734 1214 divino
756 1150 884 1230 exempti
907 1160 977 1212 sunt
997 1151 1014 1211 a
1034 1160 1180 1231 potestate

179 1238 310 1299 saeculari
323 1237 418 1315 quoad
435 1238 571 1298 materias
591 1237 775 1315 spirituales,
788 1236 835 1295 vel
856 1237 938 1297 mere
956 1236 1176 1312 ecclesiasticas,

179 1330 216 1381 ut
225 1329 295 1382 sunt
307 1320 523 1393 ordinationes,
538 1321 693 1382 electiones
713 1320 925 1390 craterarum,
939 1330 1005 1389 etc..
1017 1329 1050 1380 ut
1063 1330 1178 1384 constat

179 1419 217 1464 ex
236 1421 303 1463 coo.
325 1404 356 1463 5.
379 1403 501 1465 Concilii
527 1402 661 1462 Romani.
684 1403 785 1475 Quoad
805 1420 943 1481 personas
965 1401 1052 1473 verb,
1065 1413 1095 1462 et
1113 1405 1179 1464 loca

179 1485 454 1555 ceclesiasticorum,
469 1486 590 1563 quaestio
601 1494 664 1560 cst,
675 1484 778 1545 utrrim
790 1486 851 1546 sint
866 1486 912 1545 vel
926 1503 963 1544 ne
974 1488 1100 1563 exempti
1109 1484 1181 1562 jure

180 1567 302 1631 divino?
322 1571 406 1630 llulti
432 1579 560 1647 negant,
581 1575 616 1630 ut
639 1568 773 1633 lessius,
793 1566 886 1648 cajet.
906 1570 1016 1627 Becco.
1036 1575 1063 1627 et
1083 1567 1178 1629 Soim.

180 1658 220 1710 tr.
234 1653 265 1712 8.
278 1650 313 1713 dc
332 1652 395 1715 ord.
410 1672 434 1713 c.
448 1654 479 1711 7.
495 1650 563 1713 tol.
579 1656 609 1714 1.
622 1671 654 1712 u.
669 1654 699 1712 6.
714 1654 797 1713 Multi
811 1652 860 1712 alii
876 1651 1022 1711 affirmant
1034 1694 1043 1721 ‚
1055 1655 1179 1712 61866-

179 1750 228 1793 rea
238 1778 248 1808 ‚
267 1741 296 1794 et
310 1735 517 1815 ,1661666666
543 1742 609 1805 eto,
627 1743 657 1794 et
671 1735 798 1813 probant
817 1734 1004 1813 expluribus
1028 1735 1179 1807 textibus,
1252 1767 1257 1774 -

178 1824 209 1877 et
221 1818 383 1894 prasertim
403 1835 438 1878 ex
457 1837 482 1877 c.
502 1821 701 1897 Quamquam,
715 1817 750 1879 cle
759 1817 894 1899 pentibus
912 1818 946 1877 io
958 1820 986 1876 6.
998 1827 1028 1877 et
1045 1836 1080 1877 ex
1092 1818 1178 1878 Trid.

177 1917 247 1960 sess.
261 1903 310 1961 66.
326 1919 353 1962 c.
372 1903 419 1962 ΞΟ.
435 1900 469 1961 cic
485 1897 541 1980 res.
553 1900 704 1970 Ecclesiae,
718 1909 746 1961 ct
762 1919 954 1983 personarum
973 1898 1181 1961 66666666ιί66-

177 2000 246 2043 tuuc
260 1983 475 2044 immunitatem
491 1983 550 2044 Dci
562 1984 765 2056 ordinatione,
777 1993 806 2045 et
818 1986 965 2044 cononicis
976 1982 1180 2044 sanctionibus

176 2083 235 2129 csse
255 2066 452 2129 constitutam.
469 2068 589 2129 cerrum
609 2077 708 2131 166666
726 2077 789 2138 est,
806 2067 1010 2129 ecclesiasticos
1023 2074 1089 2127 tum
1107 2067 1179 2144 jure

177 2151 335 2222 canonico,
352 2159 416 2213 tum
426 2151 505 2210 ciuili
520 2169 653 2212 nonemc
663 2151 807 2228 subjectos
819 2153 883 2211 loro
895 2150 999 2211 laicali.
1017 2149 1089 2213 tiae
1097 2153 1181 2212 Juro

176 2249 225 2312 op.
242 2234 319 2292 Lesa.
334 2231 369 2293 dc
381 2235 461 2294 Just.
479 2230 543 2293 bb.
561 2253 587 2294 c.
603 2236 653 2293 55.
676 2232 746 2295 dab.
769 2237 798 2294 5.
822 2233 967 2294 Caeterum
988 2242 1129 2294 tenentur
1144 2237 1180 2297 in

176 2316 351 2375 conscientia
368 2316 425 2376 illis
438 2317 552 2393 legibus
565 2316 715 2389 civilibus,
728 2337 794 2395 qua
815 2336 876 2378 666
894 2325 1059 2396 repugnant
1071 2333 1179 2379 corum
1225 2386 1238 2401 ,

175 2399 286 2468 statui,
316 2417 377 2459 uon
400 2401 431 2460 vi
462 2399 639 2475 coercitioni,
668 2408 703 2461 ut
731 2401 865 2476 dicitur,
887 2399 937 2461 seri
959 2398 1117 2471 directim,
1144 2411 1179 2462 ut

174 2482 392 2645 gniiormcotur
413 2484 629 2547 communitati.
644 2484 695 2544 Est
712 2501 869 2546 commune
892 2492 968 2543 cum'
983 2478 1076 2544 Salar.
1100 2481 1176 2544 ibici.

194 2567 286 2625 .l.u.
300 2569 349 2626 16.

213 2649 311 2708 lm-
323 2650 511 2713 Ecclesiastici
533 2669 603 2732 ergo
619 2650 748 2731 gaudent
763 2654 789 2713 l.
809 2650 993 2728 exemptione
1011 2648 1087 2710 cirea
1108 2667 1177 2710 suas

173 2749 321 2810 personas.
339 2735 448 2793 Praeter
457 2736 645 2812 privilegium
657 2737 775 2795 canonis
788 2779 796 2805 ,
807 2733 891 2811 cujus
905 2734 1005 2808 vigore
1016 2732 1182 2792 incurrunt·

174 2816 522 2888 excommunicationem,
543 2819 596 2896 qui
621 2817 730 2895 injuste
755 2819 820 2879 illos
840 2815 1022 2896 percutiunt,
1046 2813 1180 2892 gaudent

173 2899 271 2958 cleriei
287 2900 492 2971 immunitate,
509 2918 547 2961 ne
564 2904 727 2981 puniantur
743 2902 760 2963 ia
775 2903 856 2963 curia
874 2898 984 2974 laicali,
999 2907 1033 2958 ut
1044 2907 1126 2977 patet
1138 2915 1176 2959 cx

174 2981 287 3054 legibus
302 2979 319 3039 b
332 2982 449 3042 Beeouo
462 2985 571 3045 relatis.
582 2987 628 3045 De
639 2988 723 3048 Sacc.
739 3005 765 3045 c.
778 2987 827 3046 26.
840 3001 872 3062 q.
886 2983 916 3041 9.
929 2983 965 3040 Et
980 2981 1116 3060 quamvis
1124 2980 1180 3057 jus

173 3066 258 3125 ciuile
277 3081 327 3124 eos
347 3065 455 3125 eximat
471 3066 588 3129 tantiam
605 3070 638 3128 in
658 3069 752 3129 causis
764 3067 899 3128 civilibus
910 3107 919 3138 ‚
932 3073 963 3124 et
980 3065 1011 3123 in
1035 3064 1177 3124 crimina·

171 3149 249 3211 libus
259 3166 306 3208 cas
318 3149 540 3226 recognoscendi
561 3151 616 3210 sibi
629 3151 680 3228 jus
696 3151 908 3224 reservaverit,
929 3145 1097 3207 nullatenus
1114 3148 1175 3207 ele·

171 3234 247 3293 ricos
259 3231 480 3293 condemnando
496 3235 552 3293 nisi
572 3244 637 3311 post
650 3236 905 3315 degradationem
922 3228 1116 3293 nibilominus
1123 3231 1178 3308 jus'
1221 3258 1225 3262 ·

172 3315 348 3377 canonicum
356 3316 487 3376 totaliter
497 3333 546 3375 eos
561 3319 682 3376 exemit.
701 3317 772 3380 Vide
782 3314 875 3377 Soloi.
888 3324 925 3376 tr.
937 3316 967 3376 8.
980 3316 1043 3376 oi.
1051 3332 1085 3396 p.
1095 3316 1127 3374 2.
1137 3332 1171 3375 o.

171 3403 221 3461 94.
234 3397 400 3461 Verbmbis
408 3418 468 3460 non
478 3400 661 3460 obstantibus
672 3401 722 3470 ‚in
731 3401 878 3478 aliquibus
888 3399 1000 3458 casibus
1012 3406 1107 3475 potest
1118 3415 1174 3474 po·

173 3483 373 3546 testaslaicalis
383 3481 418 3542 ad
427 3483 598 3543 clericorum
611 3485 836 3546 contemtionem
848 3482 1064 3562 procedere3ut
1071 3480 1096 3540 si
1103 3496 1130 3540 e.
1139 3495 1171 3558 ς.

898 3694 922 3732 V
