2642 4150
431 154 510 215 Pers
521 151 658 215 tetualdo.
673 154 771 233 Captet
785 157 814 215 I.
1084 159 1123 222 dit

115 273 263 331 eontracta
288 265 328 324 dc
353 279 436 323 more
455 270 646 323 annotantur.
672 263 846 341 Hujosmodi
856 263 933 327 liber
951 285 1007 344 pro
1020 273 1123 329 matri·

115 354 223 413 moniis
242 348 364 410 seeretis
383 345 514 423 apposite
532 355 726 424 compactos,
744 348 906 408 clausisset
923 351 1028 427 sigillis
1044 351 1123 413 obsi

114 444 241 513 gnatus,
271 434 305 494 in
336 436 432 491 vestra
457 429 613 529 episcopali
636 430 813 491 cancellaria
834 432 920 512 caute
944 434 1002 493 erit
1028 444 1124 495 custo·

114 520 268 580 diendus:
293 524 324 576 et
345 531 381 575 ao
403 512 519 574 tantuim
546 530 612 572 casu
643 515 810 593 resignari,
834 524 865 575 et
895 517 1003 593 aperiri
1027 519 1124 579 voert

116 603 274 665 accedente
295 597 416 659 licentia
447 612 517 656 eum
543 597 722 674 patiemini,
742 616 802 677 quo
829 599 886 658 alia
904 599 936 660 id
954 617 1048 698 genus
1061 620 1125 661 ma·

115 686 260 747 trimonia
275 682 402 744 describi
424 687 581 776 oporteat,
598 681 646 740 rel
665 680 695 740 id
714 681 770 741 sibi
783 682 944 743 vindicet
932 685 1055 760 iustitiae
1077 685 1125 745 ad-

117 767 323 829 ministranda
345 764 528 835 necessitas,
550 764 597 823 vel
631 761 774 839 demrim,
799 782 860 841 quo
888 766 1007 843 aliquod
1033 769 1124 829 docu-

109 861 257 919 ,mentum
275 850 313 909 ab
330 867 366 908 co
390 854 548 925 exposcant
566 864 671 907 verum
690 849 829 908 interesse
841 847 981 910 hahentes
993 854 1125 931 ,quibas

117 935 331 1013 probationum
345 929 465 992 aliunde
476 930 668 1009 petendarum
679 949 738 991 non
758 934 888 1011 suppetit
906 935 1009 1011 οοοίιι.
1023 935 1125 998 seduth

119 1028 223 1077 tamen
243 1016 533 1084 animadvertentes,
545 1023 600 1085 ut,
613 1015 813 1087 reabsoluta,
827 1015 927 1077 denud
951 1018 1123 1089 claudatur,

121 1111 155 1160 ct
170 1102 272 1178 sigillis
282 1144 291 1173 ,
303 1108 337 1160 ut
349 1108 435 1159 antea
448 1098 648 1176 ,obsignatur
660 1099 764 1168 Fides,
777 1117 828 1159 seu
841 1101 1039 1161 attestationes
1050 1102 1125 1161 elam

121 1185 261 1245 celebrati
278 1183 460 1245 matrimonii
486 1181 503 1241 h
533 1181 685 1259 parocho,
712 1184 759 1242 vel
782 1183 953 1257 sacerdote,
973 1186 1024 1262 qui
1049 1187 1126 1245 vices

121 1267 243 1344 parochi
256 1268 377 1343 gessit,
404 1266 580 1342 exorandae,
604 1266 747 1344 vobisque
768 1266 968 1339 exhibendis,
988 1270 1126 1329 transcri-

120 1353 235 1413 bantur
256 1353 289 1410 in
309 1350 387 1411 dieto
401 1350 502 1421 libro,
523 1357 612 1427 prout
632 1349 730 1425 jacent
749 1350 787 1409 de
808 1351 900 1410 verbo
912 1351 949 1410 ad
969 1352 1127 1413 varhomh

124 1432 289 1511 personat
305 1432 397 1493 uobis
392 1432 593 1530 deputanda,
620 1451 687 1509 quaa
708 1433 786 1509 oprud
804 1450 907 1491 omues
931 1434 1125 1510 integritatis,

126 1515 307 1593 probatique
322 1517 447 1577 nominis
470 1517 655 1576 luculentum
679 1514 785 1574 haheat
806 1516 1020 1576 testimonium.
1045 1517 1130 1577 Fides

126 1599 221 1670 r,erd
235 1608 265 1659 et
283 1601 506 1663 attestationes'
498 1619 571 1677 ipse
593 1600 623 1660 in
647 1600 796 1661 secretiori
818 1600 883 1660 loco
907 1609 1012 1685 sarto,
1032 1609 1130 1662 ιιοιιι·

123 1703 229 1764 que
204 1643 221 1744 d
236 1684 319 1746 vobis
333 1694 498 1749 serventur.

163 1846 292 1922 Quodsi
317 1863 354 1907 ex
377 1846 492 1908 occulto
512 1819 681 1923 hujusmodi
703 1847 893 1907 matrimonio
917 1847 1031 1924 prolem
1051 1848 1129 1907 need

124 1933 300 2010 contingat,
323 1930 425 1991 eadem
446 1931 606 1991 mundetur
625 1930 744 1989 salutari
767 1930 842 2007 aqui
863 1931 998 2007 baptismi
1024 1932 1055 1989 in
1076 1933 1132 1989 Ec·

123 2017 211 2080 clesia
225 2016 277 2086 ‚in
306 2034 364 2092 qua
386 2015 450 2075 aliis
472 2014 632 2075 iulantihus
647 2013 703 2074 hoe
726 2023 943 2076 sacramentum
963 2011 1134 2073 indistincte

122 2103 288 2176 confertur.
303 2101 340 2160 Et
353 2100 421 2177 quia
441 2099 477 2159 ad
491 2100 683 2177 operiendum
699 2099 774 2159 clam
788 2100 896 2159 initum
909 2098 1132 2157 matrimonium

123 2186 210 2244 facila
238 2192 284 2244 est
308 2184 340 2244 in
364 2184 442 2244 libro
467 2183 680 2261 baptizatorum
710 2183 821 2241 nullam
856 2182 920 2243 lieri
950 2183 1133 2243 mentionem

123 2276 309 2347 parentum,
334 2277 365 2328 et
386 2286 489 2329 eorum
509 2270 631 2338 nomina
652 2265 786 2329 consulto
810 2267 951 2340 reticeri,
973 2268 1131 2337 volumus,

123 2370 160 2410 nc
180 2352 316 2430 expresse
350 2354 544 2426 mandamus,
565 2363 599 2414 ιιι
620 2352 637 2413 h
657 2363 741 2431 patre
771 2348 932 2431 baptizati,
957 2371 1052 2432 eoque
1080 2353 1133 2413 de-

122 2438 250 2507 functo,
271 2437 309 2495 ab
328 2438 408 2497 illius
431 2447 527 2498 matre
547 2446 680 2515 suscepta
704 2436 801 2514 proles
816 2437 900 2496 vohis
919 2437 1132 2507 denuntietur,

123 2521 265 2598 dietaque
276 2518 460 2580 denuntiatio
472 2522 523 2582 liat
541 2522 589 2583 uel
608 2516 778 2581 immediate
800 2535 854 2595 per
874 2530 1012 2596 parentes
1034 2521 1133 2595 ipsos,

124 2606 176 2665 uel
208 2622 263 2682 pec
292 2605 404 2668 litteras
424 2622 528 2668 eurum
556 2604 724 2666 charactere
741 2611 894 2672 exaratas,
922 2603 971 2661 vel
996 2619 1051 2677 per
1075 2600 1135 2660 fide

125 2688 249 2766 dignam
265 2706 419 2766 personam
441 2690 478 2748 ab
495 2690 567 2767 ipsis
586 2687 758 2766 parentibus
776 2682 979 2761 designatam3
999 2692 1031 2743 ιιι
1055 2683 1135 2745 earth

125 2781 158 2833 ct
172 2770 250 2833 clard
267 2773 350 2833 vohis
364 2782 493 2844 constet,
513 2772 594 2851 qudd
614 2772 711 2850 proles
732 2769 781 2830 tali
795 2769 860 2829 loeo
875 2776 905 2828 et
921 2775 1073 2846 tempore,
1087 2769 1134 2830 vel

125 2857 269 2926 reticius,
282 2858 329 2918 vel
348 2855 419 2917 ialsd
433 2858 575 2936 expressis
590 2856 762 2917 nominibus
778 2862 955 2934 parentum,
973 2853 1133 2932 baptizata,

126 2950 174 3003 est
187 2942 338 3019 legitima,
362 2941 429 3001 licet
443 2943 548 3002 occulti
566 2941 747 3002 matrimonii
770 2941 878 3002 ioedere
889 2950 1050 3018 procreata.
1063 2940 1136 3014 Qua

125 3024 199 3088 sanir
214 3026 312 3086 omnia
331 3023 399 3085 edm
423 3026 506 3085 vobis
529 3027 738 3102 innotueriut3
755 3044 793 3085 ne
813 3026 933 3085 illorum
950 3024 1063 3085 excidat
1077 3042 1136 3086 me·

125 3110 250 3183 moria,
268 3110 301 3170 iu
322 3109 400 3169 libro
424 3110 553 3170 fideliter
581 3110 786 3170 describentur
808 3110 845 3170 ab
863 3128 923 3177 ιο,
951 3110 999 3170 cui
1025 3110 1135 3170 iactah

125 3196 213 3256 robis
234 3202 417 3273 estpotestas
437 3195 597 3255 annotandi
625 3195 813 3255 matrimonia
839 3193 952 3255 occulte
978 3196 1134 3254 celebrata.

126 3280 235 3346 liber,
257 3277 291 3338 in
314 3295 403 3356 quem
426 3278 664 3377 baptizatorum,
686 3296 719 3337 ac
744 3278 899 3356 utriusque
927 3278 1055 3355 parantis
1081 3290 1136 3333 no·

127 3362 212 3422 mina
236 3362 428 3432 reserentur,
450 3364 582 3438 quamvis
599 3362 741 3439 distingui
763 3361 867 3421 debeat
876 3361 913 3420 ah
923 3361 1025 3420 altero
1033 3355 1136 3414 matri·

128 3445 324 3517 moniorum,
343 3446 445 3506 cadam
466 3454 562 3506 tamen
581 3445 751 3524 diligentia,
777 3445 942 3519 iisdemque
964 3436 1112 3498 cautelis
1104 3454 1138 3496 ιιι

129 3529 308 3592 saccellario
328 3529 482 3609 episcopali
507 3532 644 3607 clausus,
665 3538 696 3590 et
713 3527 817 3606 sigillis
831 3528 1000 3603 obsignatus
1014 3519 1071 3578 erit
1085 3536 1139 3580 eu
