2642 4150
428 189 656 274 Depra'oa'iepia'a.
672 192 770 273 caput
784 194 831 253 11.
1080 203 1132 263 ill

71 305 76 312 '
134 301 272 377 Quamvis
283 297 358 358 verb
369 287 595 372 praetati'oeriei
608 304 754 371 nequeant
771 295 897 372 allegare
909 294 1007 360 iorum
1021 309 1137 377 ,potest

133 379 329 445 nihilominirs
343 380 503 457 Episcopus
517 394 566 437 eos
578 376 595 435 b
607 377 674 436 loro
686 378 809 437 seculari
829 397 979 440 rosumere
986 379 1071 456 juxta
1082 384 1136 445 de·

133 465 325 526 durationem
338 463 369 521 S.
387 462 420 521 c.
433 460 471 520 ab
485 458 629 519 hodierno
641 461 763 520 Summo
782 462 923 521 Pontifice
935 463 1136 539 approbatam.

137 548 210 610 Vide
220 545 324 608 lamb.
338 541 392 605 loe.
406 541 456 604 cit.
468 561 499 602 a.
514 544 544 602 5.
557 543 604 602 llli
623 542 695 604 verb
708 543 823 616 clerici,
837 545 888 621 qui
907 544 1041 606 habitura
1055 565 1139 608 resu-

134 619 238 701 munt,
250 634 319 709 jure
331 628 460 707 gaudent
471 625 644 704 privilegio,
665 626 826 688 dummodo
838 628 868 687 id
887 629 919 688 in
931 629 1063 689 faudem
1077 650 1138 692 non

132 717 265 777 saciant:
287 733 355 792 qua
376 712 456 771 fraus
476 719 547 768 tuno
565 710 760 787 supponitur,
776 708 845 770 crim
863 711 969 788 aliquis
992 713 1023 771 in
1038 715 1136 792 aliqua

133 816 217 858 causa
235 798 314 857 civili
328 795 392 871 jam
404 794 510 853 elutus
523 792 623 851 suisset
638 790 675 851 ad
688 791 785 852 sorum
797 793 915 858 laicale:
928 802 979 853 aui
988 812 1136 872 procausa

131 882 278 943 criminali
295 878 357 956 jam
369 877 471 937 luisset
486 878 517 935 in
528 892 674 935 cameram
685 874 852 951 conjectus3
865 885 917 937 aut
935 876 1007 938 verb
1019 897 1135 941 carcere

131 965 188 1024 sub
208 964 344 1023 cautione
362 958 515 1037 egressus:
532 966 566 1018 ut
582 957 666 1033 ajunt
687 954 780 1018 Solae.
804 976 871 1019 cuae
889 961 968 1020 Boo.
985 959 1135 1036 (adverada

132 1046 302 1117 Gattierez,
318 1053 348 1105 et
366 1040 517 1119 caballos),
542 1050 572 1101 et
597 1039 686 1103 θανά.
709 1040 892 1103 lambertini
908 1061 977 1103 cum
999 1044 1135 1120 pluribus

130 1128 262 1190 decretis
273 1132 305 1189 S.
318 1131 349 1189 G.
362 1123 456 1188 Solos.
470 1124 525 1187 loc.
538 1124 588 1186 cit.
601 1143 633 1184 a.
646 1125 683 1184 67
694 1132 722 1183 et
732 1126 764 1183 C.
778 1125 883 1186 Lami.
895 1125 1056 1205 DeSyood.
1068 1125 1090 1187 l.
1103 1132 1132 1189 5.

131 1233 160 1275 c.
176 1215 224 1275 lb.
236 1229 268 1273 a.
282 1215 311 1273 l.
332 1214 435 1290 Magna
454 1211 526 1271 verb
542 1210 667 1288 quaestio
684 1216 729 1267 est
747 1207 850 1270 utrium
877 1217 1002 1286 potesta
1025 1212 1134 1274 laicalis

130 1297 225 1375 possit
240 1313 410 1375 cognoscere
421 1312 522 1354 causas
534 1292 747 1353 innocentium
763 1290 900 1352 adversis
917 1294 1131 1355 eclesiasticos.

131 1380 261 1453 Quidam
282 1375 408 1455 theologi
436 1376 569 1438 absolute
582 1376 731 1435 affirmant
747 1393 756 1431 ε
773 1374 824 1434 sed
841 1376 962 1451 quidam
976 1378 1025 1435 alii
1042 1380 1134 1453 magis

129 1462 331 1522 communiter
342 1459 546 1522 tantummodo
556 1460 718 1520 admittunt
728 1500 735 1526 ,
746 1458 864 1534 quando
879 1467 930 1517 aut
939 1459 1022 1520 nullo
1033 1462 1132 1534 modo,

128 1553 187 1603 aut
204 1544 359 1604 difficulter
370 1554 465 1623 potest
484 1544 587 1604 haberi
609 1557 746 1601 recursus
761 1541 799 1599 ad
818 1543 981 1618 superiores
1001 1543 1134 1605 aeclesia·

126 1628 221 1688 sticos
233 1627 365 1704 majores.
382 1627 453 1688 Vide
468 1623 616 1686 Salmoat.
629 1621 651 1683 1.
667 1643 692 1683 c.
706 1623 773 1685 dari.
786 1626 816 1684 b.
829 1644 861 1684 a.
872 1625 920 1684 76.
1053 1653 1066 1686 a

170 1712 221 1770 25.
235 1743 275 1755 -
287 1711 460 1770 immunitas
478 1718 577 1768 autern
595 1706 785 1767 ecclesiastiea
804 1708 937 1768 locorum
952 1710 1048 1786 quoad
1066 1729 1132 1791 asy-

129 1795 195 1855 lum
226 1794 486 1872 delinquentium,
512 1789 652 1869 competit
679 1789 747 1866 jure
776 1791 967 1854 eeclesiastico
992 1805 1023 1856 et
1050 1797 1131 1858 civili

128 1876 269 1936 omnibus
280 1876 413 1937 Ecclesiis
422 1876 565 1954 'quamvis
578 1873 736 1933 interdicto
755 1874 893 1951 subjectis
903 1918 912 1946 ,
923 1878 984 1937 sive
998 1881 1130 1957 pollutis,

128 1960 220 2020 etiam
238 1959 345 2020 dirutis
358 1959 426 2038 (nisi
440 1957 561 2020 omnino
573 1956 708 2017 Preaulia
724 1960 898 2020 auctoritate
914 1959 1025 2021 luerint
1039 1957 1132 2038 prota-

128 2044 236 2120 nam),
252 2055 415 2122 earumque
436 2042 575 2120 capellis,
597 2041 753 2113 sacristiis,
770 2042 962 2114 caemeteriis,
984 2044 1073 2107 etiam
1093 2043 1131 2107 ab

128 2124 256 2188 Ecclesia
267 2128 425 2205 separatis,
438 2127 551 2196 muris,
567 2124 799 2202 campanilibus,
817 2126 918 2196 tectis,
931 2126 1031 2199 atriis,
1045 2129 1131 2191 atrio

127 2226 198 2268 ram
216 2210 375 2287 gradibus,
389 2227 456 2268 oum
479 2209 670 2286 quadraginta
691 2207 821 2284 passibus
839 2207 981 2285 ultrbpro
998 2212 1131 2275 Ecclesiis

128 2290 360 2362 cathedralibus,
375 2301 406 2350 et
418 2293 538 2369 triginta
562 2310 617 2368 pro
628 2292 695 2351 aliis
706 2289 841 2351 Ecclesiis
862 2291 925 2369 (aed
943 2291 1000 2353 boo
1020 2295 1130 2357 intelli·

127 2374 259 2450 gcudum
282 2374 320 2435 de
342 2375 420 2445 illis,
440 2392 507 2450 quaa
524 2375 583 2433 sint
603 2375 705 2450 posite
727 2379 811 2429 extra
830 2376 937 2435 moenia
957 2378 1059 2447 urbia,
1081 2378 1129 2437 vel

126 2454 214 2534 loci),
228 2455 389 2517 dummodo
409 2458 649 2517 nonintereodat
661 2459 708 2516 via
728 2456 865 2531 publica,
883 2463 935 2514 aut
954 2460 1051 2534 aliqua
1076 2478 1130 2518 sae·

127 2540 280 2599 cularium-
290 2540 397 2601 domus
407 2539 510 2600 :aliud
523 2539 595 2599 verb
616 2545 660 2599 eat
672 2540 697 2598 si
713 2540 819 2599 domus
831 2541 870 2598 sit
885 2539 1007 2613 alicujus
1020 2541 1127 2603 cloria..

132 2620 204 2680 vate
224 2618 319 2681 Saba.
341 2629 380 2680 tr.
404 2622 453 2682 aa.
466 2641 495 2681 a.
509 2624 538 2681 5.
561 2641 593 2701 p.
613 2623 643 2680 5.
664 2621 690 2699 S.
706 2623 734 2679 l.
748 2639 782 2679 a.
798 2624 848 2680 86.
870 2620 1004 2687 Gaudent
1028 2621 1130 2683 eadem

102 2694 106 2701 “
126 2702 314 2763 immunitate
326 2701 487 2781 hospitdia
497 2747 507 2775 ,
517 2707 549 2763 in
564 2703 672 2781 quibus
681 2712 762 2762 extat
770 2703 867 2780 aliqua
879 2703 989 2778 capella
1001 2704 1129 2782 publiea,

126 2786 254 2844 oratoria
271 2785 309 2845 ab
325 2786 473 2863 Episcopis
492 2795 608 2854 erecta,
624 2787 766 2864 palatium
780 2787 958 2865 episcopale,
977 2798 1008 2851 et
1024 2788 1129 2853 domus

121 2867 319 2941 Rogatianum
335 2873 405 2927 cunr
423 2869 484 2927 suis
503 2869 707 2940 dormitoriis,
726 2870 878 2939 claustris,
892 2868 1046 2941 hortis,.et
1059 2891 1128 2950 per·

124 2948 233 3007 tisibus
248 2956 318 3009 ante
339 2951 553 3027 ecelesias,'vel
571 2953 758 3014 monasteria.
784 2951 857 3016 Vide
880 2951 1026 3016 Solmoat.
1054 2956 1126 3020 dat.

124 3047 158 3087 n.
177 3032 227 3090 87.
243 3039 272 3090 et
282 3034 338 3092 88.

163 3113 378 3174 26.·'-0mnos
390 3114 462 3176 verb
475 3116 678 3199 deliaquentas
685 3164 696 3195 ,
709 3119 870 3183 dummodo
880 3122 940 3187 siat
950 3123 1125 3200 Christiani,

124 3192 192 3254 licit
215 3194 364 3268 haretici,
391 3207 443 3257 aut
464 3199 612 3261 interdicti
623 3245 640 3272 ‚.
653 3205 758 3264 autin
786 3223 902 3266 carcere
927 3208 1049 3279 inclusi,
1065 3211 1126 3282 >qai
1157 3229 1159 3235 ¹

123 3277 220 3352 raptis
246 3279 411 3338 carceribus
431 3280 469 3340 ad
493 3281 633 3361 praedicta
656 3303 735 3346 sacra
763 3287 826 3348 loca
848 3289 1049 3367 confugerint,
1072 3288 1126 3345 labo

122 3358 253 3432 gaudent
272 3361 470 3422 immunitate.
485 3364 521 3424 Et
538 3365 569 3423 in
583 3363 640 3431 hoa
656 3371 830 3445 reprobatur
848 3373 985 3446 quelibet
1004 3382 1126 3426 consue·

121 3438 195 3498 tado
205 3440 238 3498 in
252 3445 453 3505 contrarium:
462 3463 487 3505 a.
496 3447 639 3511 Noveram
650 3449 704 3520 ,dc
714 3460 790 3512 scat.
802 3469 942 3513 nooman.
953 3444 1124 3511 ,ramlosae

119 3518 1124 3670 dassctpwksstfalcaffltodbd·2.a.8il.lixcipiaaturupeniabulla

242 3644 250 3664 .
296 3647 305 3667 .
937 3627 955 3669 a
