2642 4150
365 221 369 230 ·
392 188 396 194 '
436 181 661 250 Poroseet‘tntlo.
679 189 777 270 Caput
792 190 839 250 ll.
1082 191 1136 252 stt

132 302 186 358 est.
201 291 282 357 iibri
301 290 340 353 ob
359 290 431 370 ipsis
444 292 523 371 typis
546 291 635 366 editi,
657 291 766 370 quibus
785 293 863 354 ratio
884 290 1139 372 describiturque

132 384 165 442 in
181 377 376 440 conventibus
389 377 575 455 superiorum
595 377 759 456 praesertim
780 377 926 456 graduum
944 376 1077 438 adhiberi
1091 396 1139 437 so·

131 472 195 539 let,
215 482 321 526 eorum
344 460 512 523 catechismi
535 472 565 523 et
587 472 715 533 statuta,
738 463 854 542 aliaque
873 461 1040 524 authentica
1058 461 1139 523 etad

130 552 225 613 {idom
239 546 401 609 faciendam
415 546 585 625 gravissimo
598 547 791 623 documenta,
803 567 857 610 nee
869 567 930 610 nun
940 565 1046 610 eorum
1057 547 1140 608 tosti·

18 649 19 710 j
131 635 255 704 monia,
273 633 344 711 qui,
368 629 436 691 cium
455 648 520 691 eam
538 632 707 693 societatem
727 632 923 694 deseruissent
936 633 1080 693 euianteo
1092 630 1140 690 ad·

18 721 19 750 ³
111 721 292 794 ,linseranu
307 716 371 794 ejus
390 732 507 775 errores
524 726 555 777 et
574 715 694 777 fraudes
712 717 851 796 legitimis
867 717 1017 795 judicibus
1029 716 1139 795 patefe-

131 815 239 869 uerunt
249 850 257 879 ‚
269 802 370 883 aperte
386 802 552 875 declarant,
568 802 764 865 Carbonarios
776 803 807 864 id
824 802 971 883 precipue
985 812 1136 881 spectaro,

132 902 168 953 ut
187 908 324 969 maguam
342 888 492 947 licentiam
513 888 620 966 cuique
635 887 726 959 dent,
744 889 917 966 religionem
938 888 1040 967 (quam
1051 887 1137 964 colat)

131 974 257 1056 proprio
278 973 397 1051 ingenio
424 980 454 1031 et
477 973 538 1032 suis
556 973 746 1050 opinionibus
768 972 825 1034 sibi
845 972 998 1052 fingendi,
1021 971 1139 1034 indiffe-

131 1058 233 1120 rentia
249 1058 281 1116 in
296 1057 470 1133 religionem
489 1055 628 1127 inducta,
654 1075 712 1134 qua
732 1058 782 1117 vix
800 1058 962 1136 quidquam
980 1057 1136 1135 excogitari

132 1152 234 1223 potest
255 1141 462 1220 perniciosius,
485 1150 519 1201 ut
538 1143 607 1202 Jesu
620 1141 728 1203 Christi
751 1142 917 1204 Passionem
939 1158 993 1221 per
1014 1143 1138 1203 neiurias

133 1226 276 1306 quasdam
290 1244 357 1287 suas
369 1228 557 1286 caeremonias
575 1226 733 1305 prolouent
746 1245 779 1287 ao
795 1229 948 1305 polluant,
960 1235 994 1287 ut
1005 1227 1138 1288 Ecclesiae

132 1320 314 1373 sacramenta
336 1310 453 1388 (quibus
477 1328 552 1370 nova
575 1312 631 1371 alia
654 1308 671 1370 b
691 1328 722 1371 se
737 1329 791 1391 per
811 1327 960 1372 summum
981 1311 1074 1371 scelus
1095 1312 1137 1373 iu·

131 1405 225 1459 ronta
245 1395 420 1455 substituere
437 1394 589 1470 videntur)
608 1404 639 1455 et
660 1397 722 1474 ipsa
736 1396 896 1473 Religionis
914 1392 1061 1455 catholieo
1077 1415 1139 1475 my·

131 1480 227 1542 steria
241 1487 443 1554 contemnant,
461 1486 554 1558 utque
571 1477 676 1539 Sodem
693 1478 769 1539 hanc
786 1479 973 1556 apostolieum
986 1488 1136 1549 evertant,

132 1567 169 1626 in
190 1580 297 1641 quam,
312 1563 446 1641 quoniam
465 1565 497 1626 in
516 1582 549 1625 ea
567 1563 735 1642 apostolico
753 1561 898 1624 niueum
915 1580 1032 1642 semper
1043 1563 1138 1641 viguit

130 1647 320 1725 Principatus
335 1648 393 1727 (l),
412 1649 552 1728 singulari
575 1648 703 1728 quodam
717 1648 786 1710 odio
804 1647 991 1722 afficiuntur,
1004 1656 1035 1709 et
1048 1646 1138 1727 pesti-
1180 1725 1183 1730 4

128 1734 192 1795 iera
213 1749 338 1810 quoque
356 1749 390 1791 ue
412 1734 574 1811 perniciosa
594 1732 769 1794 moliuntur.

168 1818 230 1879 Neo
246 1813 366 1892 minius,
388 1825 423 1877 nt
443 1834 480 1878 ex
505 1817 610 1878 iisdem
636 1827 757 1880 constat
774 1818 999 1890 monumentis,
1017 1818 1136 1883 scelesta

129 1909 202 1963 sunt
219 1918 286 1979 quse
311 1899 562 1963 Carbonarioroos
582 1903 703 1962 societas
729 1905 819 1965 tradit
848 1904 886 1965 de
907 1904 1039 1966 moribus
1058 1924 1135 1985 pru·

128 1993 214 2065 cepta
237 2003 247 2042 ε
269 1986 406 2063 quamvis
428 1986 610 2070 eonlidenter
626 1987 740 2064 jactet,
765 2007 801 2070 se·
822 1988 839 2049 b
862 1990 922 2049 suis
946 1988 1136 2051 sectatoribus

127 2074 265 2151 exigere,
279 2079 315 2132 ut
327 2069 499 2134 charitatem
518 2093 551 2134 ac
567 2092 655 2135 omne
677 2077 823 2136 virtutum
841 2093 934 2154 genus
954 2076 1087 2136 excolant
1105 2085 1136 2138 et

128 2164 305 2228 exerceant,
320 2175 354 2216 ae
367 2156 589 2236 diligentissime
609 2158 646 2218 ab
659 2161 740 2220 omni
758 2160 831 2220 vitio
841 2161 1018 2221 abstineant.
1034 2162 1136 2237 ltaque

127 2240 296 2302 libidinosis
307 2240 507 2321 voluptatibus
522 2242 776 2321 impudentissime
793 2263 826 2305 eu
839 2245 917 2306 iavet
928 2244 1030 2306 :docet
1047 2245 1136 2306 lieoro

128 2341 179 2385 cos
195 2325 363 2386 interficere
378 2370 386 2399 ,
401 2328 452 2405 qui
471 2327 569 2388 datum
579 2327 616 2389 de
628 2339 758 2403 secreto,
776 2329 855 2407 quod
873 2329 1008 2408 superius
1022 2348 1135 2393 memo·

127 2418 226 2472 ratum
240 2419 305 2483 est,
319 2410 407 2471 fidem
421 2431 482 2473 non
497 2415 698 2485 servaverint,
718 2424 748 2475 ot
760 2413 828 2476 licet
840 2415 1039 2493 apostolorum
1051 2415 1135 2494 prin-

127 2512 195 2573 ecps
221 2495 329 2556 Petrus
347 2497 496 2576 precipiat
506 2496 570 2577 (l),
586 2508 621 2559 ut
643 2497 794 2559 christiani
810 2500 892 2559 omni
904 2496 1041 2559 humanae
1054 2517 1135 2558 erea-

128 2587 203 2639 turae
216 2588 341 2659 propter
354 2582 449 2641 Deum
467 2582 591 2659 subjecti
604 2584 684 2652 sint,
698 2583 760 2642 sive
773 2582 835 2659 regi
846 2581 928 2659 quasi
939 2582 1133 2660 praecellenti,

127 2663 329 2726 siredoeibus
342 2674 482 2744 tanquam
503 2669 540 2728 nb
561 2685 597 2728 eo
618 2667 735 2736 missis,
761 2675 817 2724 etc.
830 2687 840 2740 3
855 2665 1016 2742 jubeatque
1030 2666 1136 2727 Paulus

128 2748 277 2826 apostolus
303 2748 373 2829 (ὅ),
394 2761 429 2811 ut
452 2753 548 2813 omnis
573 2752 673 2813 anima
696 2750 889 2830 potestatibus
916 2747 1136 2811 sublimioribus

127 2840 243 2902 subdita
268 2843 325 2920 sit3
344 2861 378 2903 ea
396 2853 496 2905 tumen
510 2846 631 2907 societas
652 2842 761 2915 docet,
782 2842 930 2921 integrum
956 2859 1038 2916 esse,
1058 2842 1136 2906 sedi·

129 2925 262 2987 tionibus
285 2928 437 2998 excitatis,
460 2946 544 3008 reges
570 2936 750 3006 ceterosque
769 2928 967 3005 imperantes,
990 2945 1063 3006 quos
1081 2946 1136 3008 per

129 3023 278 3071 summum
306 3010 448 3088 injuriam
466 3022 609 3092 tyrannos
633 3014 742 3093 passim
775 3013 924 3093 appellare
951 3013 1061 3089 audet,
1082 3032 1134 3077 suo

129 3100 273 3168 potestate
285 3095 443 3173 expoliare.

167 3176 236 3237 lino
259 3178 376 3256 aliaque
398 3179 488 3259 hujus
502 3181 647 3243 societatis
675 3183 812 3264 (logmata
834 3191 865 3244 et
877 3194 1021 3264 precepta
1043 3194 1133 3257 sunt,

132 3271 165 3317 rx
182 3260 294 3338 quibus
307 3280 342 3323 ea
352 3266 515 3327 extiterunt
526 3266 558 3329 in
570 3267 651 3330 italio
667 3267 795 3337 facinora
803 3285 898 3350 nuper
912 3266 929 3332 i
945 3265 1134 3335 tat-tonost
1169 3347 1172 3353 Ι

158 3462 190 3519 (t)
203 3465 230 3511 S.
244 3467 311 3526 Aug.
326 3469 392 3526 epist.
404 3469 441 3517 tt.

159 3528 189 3583 (rt
206 3531 281 3587 spot.
292 3533 315 3577 ι.
326 3533 394 3580 Patri
408 3536 445 3582 11.
460 3536 496 3587 15.
614 3560 616 3563 ·

159 3592 191 3649 ιδ)
200 3596 240 3641 Ao
248 3596 318 3643 Raso.
327 3597 377 3647 111.
386 3598 424 3649 ta.

173 3660 253 3722 Tottr.
266 3663 310 3724 Χ.
345 3656 348 3661 “
