2642 4150
330 234 376 295 De
385 223 580 313 prohibitione
590 234 742 298 libroruin.
758 240 853 320 Caput
864 244 909 302 11.
1065 249 1122 309 itt

119 329 236 417 Spalct.
265 328 348 395 idem
380 330 545 396 iaciendum
582 337 684 398 scribit
709 343 740 400 S.
771 341 940 420 Cyprianus
973 342 1011 402 de
1038 344 1123 407 libris

119 419 308 482 mordacibus
337 440 345 477 r
380 421 415 481 Si
447 419 566 498 quando
597 420 672 482 talia
710 423 906 502 quorumdum
939 423 1123 491 calumniose

69 574 74 582 ,
119 506 282 563 emunitate
318 506 480 581 conscripto
506 512 601 579 surrt,
638 505 696 586 lepi
715 506 798 587 opud
818 525 876 567 nos
897 526 958 568 non
975 511 1121 588 patiatur.

117 587 220 665 Epist.
237 589 285 646 ta.
301 585 342 645 ad
361 587 448 645 Corra.
462 587 542 646 idem
556 590 673 666 scripsit
697 589 891 650 lastinianus
905 594 1067 668 Imperator
1085 594 1124 654 de

117 672 204 730 libris
227 668 371 730 haereticis
399 670 432 728 in
456 687 509 728 suo
529 671 624 731 edicto
650 673 688 731 ad
717 675 859 750 populum
878 658 1123 754 Constantinopo-

116 757 259 815 titanum.

155 840 197 897 V.
211 838 270 897 Sed
291 845 409 914 praestat
424 855 505 897 nunc
519 839 660 916 exemplis
681 839 838 900 rcmvbanc
858 841 949 918 magis
961 841 1120 905 elucidare.

115 922 263 1000 Quamvis>
278 921 434 980 videbatur
452 921 488 981 de
508 940 539 981 se
556 922 785 999 permittendum
803 924 935 983 Ecclesiae
958 928 1123 1001 pastoribus

115 1024 175 1084 pro
190 1008 359 1064 neoeainte
378 1012 408 1063 et
421 1013 554 1082 tempore
570 1004 880 1064 libroshaereticorum
893 1007 1007 1084 legere,
1026 1019 1059 1068 ut
1073 1028 1122 1069 eos

116 1089 274 1152 confutare
291 1089 444 1159 valerent,
452 1088 536 1162 juxta
559 1089 721 1147 Concilium
734 1087 957 1165 Carthagineuse
978 1093 1030 1150 tv.
1046 1092 1121 1151 Cara.

117 1175 172 1232 16.
188 1179 314 1230 attamen
329 1172 433 1248 primis
447 1172 579 1234 Ecclesiae
594 1173 706 1230 saeculis
720 1171 809 1230 iidem
823 1171 996 1231 patriarchae
1012 1174 1049 1231 ab
1066 1172 1122 1233 hu·

114 1255 249 1332 jusmodi
263 1272 385 1331 operum
397 1255 563 1313 lectionesa
577 1255 735 1325 cavebant,
750 1255 817 1323 vel,
834 1252 900 1312 edm
914 1264 988 1314 esset
1000 1258 1123 1316 necessi-

115 1352 180 1410 tas,
194 1357 254 1398 non
267 1340 330 1398 sine
342 1356 448 1414 magno
466 1339 601 1415 legebant
619 1339 736 1396 timore.
751 1339 815 1415 Epo
837 1339 904 1397 aad
925 1337 1038 1414 (scribit
1054 1338 1122 1399 Dio

116 1422 226 1503 nysius
240 1422 442 1481 Alexandrinae
455 1424 587 1481 Ecclesiae
598 1420 778 1497 patriarcha)
791 1420 824 1479 in
837 1418 920 1480 libris
934 1464 942 1491 ‚
955 1430 984 1479 et
994 1421 1127 1481 traditio·

115 1507 211 1569 nibus
220 1504 628 1583 baereticorurneopnoscendis
639 1522 757 1583 operans
765 1504 854 1583 posui
865 1502 1053 1562 :execrandis
1064 1503 1125 1580 qni·

115 1591 188 1654 dem
201 1584 319 1647 itteram
332 1588 484 1649 sententiis
498 1589 632 1648 oninium
645 1606 742 1646 meum
759 1585 902 1665 tantisper
912 1584 1107 1662 coinquinans
1111 1609 1123 1662 ,-

116 1674 200 1736 ltanc
216 1680 313 1731 tortian
329 1691 366 1732 aa
381 1672 422 1734 eis
442 1669 599 1731 utilitatem
613 1671 790 1751 percipiens,
803 1666 910 1728 atilios
925 1668 1029 1729 tacitns
1043 1668 1125 1749 apud

116 1777 166 1821 me
186 1755 368 1834 refutarent,
392 1754 540 1835 inultique
558 1756 652 1835 irrepis
676 1756 765 1833 qrrdm
783 1762 870 1812 antec
881 1798 890 1827 ,
903 1752 1068 1813 detestarer.
1082 1756 1126 1813 Et

116 1839 189 1900 atim
205 1841 311 1897 Frater
322 1838 444 1916 qnidam
460 1855 497 1896 err
515 1838 750 1917 presbyterorum
768 1836 869 1897 ordina
883 1836 1047 1917 prohiberet
1065 1854 1122 1907 irre,

117 1921 249 1996 veritas,
267 1939 305 1980 ne
320 1919 396 1999 sorte
410 1940 476 1980 curn
489 1920 622 1998 tarquitio
640 1918 760 1981 illornrn
779 1929 806 1979 ct
819 1939 896 1980 coerao
915 1919 1123 1992 contrariarum,-

118 2005 232 2085 qnippl
255 2005 391 2064 anirnrnn
407 2023 502 2064 manen
515 2004 750 2084 contaminatum
763 2003 804 2062 iri
825 2002 942 2082 ajebat,
957 2010 984 2059 et
1005 2001 1123 2082 qnidam

115 2088 270 2150 uerissime
293 2097 322 2149 et
347 2088 467 2167 ipsemet
483 2087 678 2167 sentiebam...
696 2092 737 2147 Et
761 2090 871 2147 visione
895 2083 1006 2145 coelitis
1032 2084 1123 2144 arsiam

117 2171 401 2250 coinfirmatnssurn.
418 2176 460 2230 ita
481 2173 557 2248 apud
569 2170 676 2232 Enseb.
692 2169 772 2231 Hist.
790 2169 840 2232 nt.
852 2173 881 2230 7.
895 2188 921 2229 a.
934 2171 964 2229 7.
979 2170 1119 2228 attende:

118 2258 256 2335 quamvis
270 2255 431 2334 Dionysius
445 2256 611 2315 Patriareha
631 2266 744 2315 exteret
761 2265 819 2316 tarn
833 2274 945 2333 maguae
968 2256 1122 2324 Ecclesiae,

117 2350 149 2398 et
169 2338 264 2396 libras
280 2337 485 2412 haereticorum
507 2337 622 2399 tantiam
643 2339 680 2398 ad
704 2357 753 2398 eos
772 2339 965 2398 confutandos
999 2338 1124 2414 inspico·

117 2431 185 2490 ret,
207 2430 306 2480 minen
324 2439 361 2479 ex
379 2421 502 2481 lectione
523 2423 656 2480 animum
673 2440 761 2479 suurn
784 2423 920 2480 nonnihil
944 2421 1124 2495 inquinatio·

117 2508 188 2577 nis,
212 2514 264 2563 sut
286 2506 388 2564 saitem
408 2505 637 2583 perturbationis
663 2505 814 2563 attraxisse
836 2506 955 2562 fatetur.
986 2504 1021 2558 Et
1046 2502 1125 2575 quod

117 2591 214 2667 magis
232 2591 342 2649 mirum
356 2600 418 2662 est,
439 2590 506 2650 licit
522 2588 685 2666 Dionysius
707 2596 782 2647 esset
805 2589 852 2645 vir
873 2587 952 2644 tanta
974 2585 1125 2642 sanctitate
1170 2605 1172 2612 ·

117 2683 151 2735 et
169 2674 306 2733 doctrina
321 2674 472 2750 preditus,
491 2675 553 2750 ipse
572 2674 652 2731 enim
672 2672 785 2748 expulit
798 2672 1123 2737 Kiliastarumcrrores,

118 2768 149 2819 et
171 2760 295 2836 Nepotis
319 2759 451 2836 Episcopi
479 2758 571 2816 libros
612 2757 756 2834 explosit,
786 2755 849 2830 ipse
869 2753 981 2830 primns
1006 2745 1127 2809 sabellii

116 2841 259 2901 baeresim
277 2840 433 2899 debellavit
451 2884 459 2910 ‚
480 2839 567 2900 etde
589 2858 621 2898 ea
642 2840 762 2900 Siatrnn
783 2839 890 2914 Papam
911 2834 1039 2893 reddidit
1062 2850 1126 2893 cer·

118 2927 251 2998 tionem,
274 2924 336 3000 ipsc
365 2931 467 2982 eontra
502 2924 680 2983 Novatianos
701 2918 866 2980 felicissime
890 2918 1070 2996 disputavit,
1091 2936 1124 2978 aa

117 3007 250 3068 Fabium
262 3005 478 3066 Antiochenum
492 3024 561 3065 mox
574 3007 606 3065 in
624 3005 761 3066 eumdem
775 3022 905 3063 errorem
919 3001 1125 3080 prolapsurum

118 3091 286 3151 sustinuit:
306 3092 369 3167 ipse
389 3091 504 3167 scriptis
527 3091 689 3150 confutavit
707 3093 795 3161 etiam
815 3085 947 3149 Paulum
964 3090 1126 3147 Samosata·

119 3192 216 3249 num,
234 3175 433 3251 Nepotianus,
451 3175 582 3250 aliosque
604 3172 773 3234 haereticos:
795 3183 825 3233 et
846 3183 966 3242 tamen,
991 3170 1037 3229 his
1063 3187 1128 3228 non

119 3256 306 3316 obstantibus
324 3255 369 3334 (ut
381 3257 471 3316 reiert
483 3257 650 3333 Eusebius),
673 3258 773 3317 fideles
794 3255 861 3315 edm
878 3256 1045 3326 novissent,
1057 3250 1126 3331 Dio·

118 3338 244 3419 npsiattn
269 3340 361 3399 libros
385 3337 591 3399 haeretieorum
609 3341 764 3413 evolvere,
793 3357 931 3416 magnum
957 3332 1125 3394 scandalum

117 3424 199 3498 passi
218 3431 310 3498 sunt;
325 3422 385 3483 irnb
398 3421 436 3481 dc
449 3422 505 3483 hoe
520 3423 597 3500 apud
618 3424 789 3483 Pontificem
808 3440 876 3480 eum
890 3419 1081 3480 arausicum,
1095 3417 1127 3467 et

118 3504 257 3564 Pontiicx
272 3504 464 3582 reprehendit
483 3506 614 3578 eum3ac
635 3507 788 3584 probibuit
802 3521 838 3562 ne
854 3502 1061 3560 baereticorum
1083 3492 1126 3550 le·

118 3586 509 3728 otiapcmprosequcrctur
527 3624 542 3662 ,Δ
560 3591 611 3649 ubi
642 3590 703 3648 suis
733 3575 1123 3719 offendicuinnpqproeberct.

194 3685 252 3727 one
955 3701 964 3719 .
