2642 4150
440 208 687 272 resincerata.
706 210 803 291 Caput
822 216 870 274 Ila
1097 219 1150 282 ill

145 310 1153 399 paraliumqubmportlomnnuml‘ontiliccmprotcmporcexisten·

145 415 207 466 tem
218 410 358 480 ,excepto
372 400 478 461 mortis
488 401 612 462 articulo
624 443 632 470 ,
645 401 758 462 absolvi
775 408 891 478 posset,
905 419 944 462 ne
957 403 1024 482 quis
1034 402 1154 464 auderet
1215 401 1218 406 ’

73 511 76 516 ·
144 490 194 550 rel
217 494 412 565 presumeret
429 483 600 562 hujusmodi
620 486 775 546 societates
796 486 892 555 inire,
910 487 957 547 vel
971 505 1152 566 propagare,

144 582 199 633 aut
218 572 392 643 conlocare,
407 578 580 649 receptore,
593 570 760 644 occultare,
774 569 869 648 iisque
887 570 1035 640 adscribi,
1051 588 1156 648 aggre-

145 657 210 735 gari
222 701 232 727 ,
245 664 298 715 aut
318 655 480 726 interesse,
499 661 552 722 aut
567 654 636 714 alibs
648 697 658 725 ,
672 660 762 732 prout
779 654 811 713 in
824 654 929 714 iisdem
949 654 1055 716 litteris
1066 652 1154 716 latids

146 739 724 815 ctubeuidscontinetur,quarnmtenor
734 738 1152 816 talisest,vidclicct,etc.etc.

183 825 260 888 cnm
285 833 385 885 autem
398 866 407 895 ,
421 823 498 884 sicut
508 824 673 900 accepimns
683 865 692 893 ,
704 823 797 901 aliqui
816 824 946 896 luerint,
961 826 1012 903 qni
1026 840 1154 886 asserere

142 930 181 972 nc
202 909 293 989 vulgi
315 908 428 986 jactare
454 926 514 968 non
538 907 760 979 dubitaverint,
785 908 893 968 dictam
919 911 1153 971 excommunica·

147 996 238 1057 tionis
250 1011 367 1072 poennm
380 992 397 1052 d
410 992 621 1070 praedecessore
633 994 735 1053 nostro
746 993 792 1071 (ut
806 993 972 1071 praefertur)
986 995 1154 1073 impositam

149 1095 213 1139 non
236 1076 361 1157 amplids
378 1078 511 1153 allicere,
525 1085 681 1155 propterea
704 1076 784 1154 qudd
808 1078 871 1156 ipsa
895 1080 1064 1156 praeinsertu
1083 1095 1159 1139 conu

150 1163 267 1224 stitutio
284 1163 300 1223 it
319 1162 405 1223 nobis
425 1161 598 1221 confirmato
619 1179 680 1221 non
698 1161 808 1234 luerit,
826 1164 908 1240 qnasi
924 1162 995 1224 verb
1011 1180 1066 1242 pro
1083 1179 1155 1241 apo-

149 1247 321 1308 stolicarum
343 1245 591 1307 constitutionum
615 1242 633 1303 d
655 1244 867 1323 praedecessore
891 1246 1036 1308 editarum
1057 1245 1155 1307 subsi-

143 1333 258 1392 stentia
272 1332 420 1392 Pontibus
433 1330 606 1392 successoris
622 1347 758 1407 expressa
776 1332 961 1392 confirmatio
974 1334 1151 1411 requiratur.

147 1467 150 1472 ,
189 1413 328 1491 cbmqae
343 1416 428 1476 etiarn
447 1414 464 1475 l
484 1414 636 1475 nonnullis
657 1415 715 1491 piis
737 1416 878 1475 acDenm
895 1417 1068 1476 timentibus
1082 1416 1155 1476 viris

152 1500 244 1560 nobis
268 1499 442 1559 insinuatum
464 1499 573 1572 luerit,
596 1497 634 1557 ad
655 1498 756 1559 omnia
777 1497 1021 1568 calumniantium
1040 1499 1155 1557 subter·

149 1584 233 1662 lugia
260 1583 381 1644 tollenda
405 1582 673 1660 declarandamque
695 1583 788 1643 animi
813 1584 908 1645 nostri
934 1600 1002 1644 eum
1023 1581 1155 1660 ejusdem

149 1667 372 1745 predecessoris
390 1676 490 1729 mente
507 1686 540 1728 ae
557 1668 713 1728 uoluntate
729 1668 962 1729 uniformitatem
978 1681 1155 1746 magnopere

147 1751 309 1830 expediens
320 1754 383 1813 iore
395 1760 430 1814 ut
443 1751 574 1830 ejusdem
592 1752 815 1830 praedecessoris
827 1753 1029 1814 constitutioni
1043 1767 1154 1814 notum

148 1836 384 1897 confirmationis
403 1848 511 1897 nostrae
529 1836 702 1915 suffragium
722 1836 966 1916 adjungeremus3

185 1922 247 1980 llos
271 1920 342 1981 licet
362 1920 537 1998 hucusque,
562 1919 634 1980 dum
661 1922 797 1998 pluribus
821 1921 928 1982 Christi
955 1922 1092 1984 lidelibus
1115 1924 1154 1985 de

147 2006 265 2066 riolntis
275 2006 634 2085 ejusdcmconstitutionis
645 2007 758 2084 legibus
770 2006 1154 2086 verdpoenitentibusatqne
1241 2000 1247 2007 ⁹

148 2090 336 2162 dolentibus,
349 2109 438 2169 seque
453 2090 470 2150 d
483 2091 628 2151 damnatis
639 2090 809 2167 hujusmodi
823 2090 1009 2157 societatibus
1020 2108 1071 2150 seu
1084 2110 1155 2153 con·

149 2175 307 2237 canticulis
330 2176 453 2238 omninb
473 2193 638 2236 recessuros
659 2186 691 2236 et
713 2193 867 2254 nunquam
890 2175 922 2235 in
944 2173 1096 2254 pastoriam
1117 2176 1154 2238 ad

149 2259 215 2329 illas
232 2269 264 2320 et
284 2261 335 2320 illa
353 2260 502 2321 redituros
520 2278 557 2320 ea
576 2263 678 2323 auimo
703 2260 913 2338 profitentibus
938 2261 1154 2321 absolutionem

148 2344 187 2403 ab
200 2344 317 2406 incursa
335 2344 638 2407 excommunicatione
658 2352 724 2403 tum
743 2354 827 2405 alateo
837 2362 913 2424 saepe
925 2389 934 2417 ,
948 2354 1012 2407 tunt
1028 2343 1155 2409 maxime

149 2434 249 2512 elapso
267 2430 382 2506 jubilaei
404 2448 483 2491 anno
505 2429 633 2508 benigne
655 2431 875 2501 concessimus,
895 2447 946 2490 seu
968 2429 1042 2489 dum
1064 2428 1154 2488 facul·

150 2527 242 2580 tatem
261 2515 493 2577 Poenitentiariis
514 2512 531 2573 a
551 2514 635 2577 nobis
657 2513 806 2589 deputatis
820 2511 1102 2573 communicavimus
1120 2519 1158 2573 ut

148 2600 321 2677 hujusmodi
344 2598 554 2676 poenitentibns
567 2641 575 2670 ,
587 2599 639 2676 qui
655 2596 694 2656 ad
705 2598 783 2673 ipsos
800 2596 991 2673 confugerent
1002 2591 1153 2662 ‚eamdem

145 2685 365 2746 absolutionem
387 2691 489 2745 nostro
511 2683 633 2743 nomine
652 2689 683 2741 at
706 2680 879 2739 anctoritate
906 2676 1052 2754 impertiri
1075 2677 1155 2738 vulc-

146 2779 239 2841 rent,
255 2768 329 2830 dum
351 2767 440 2828 etiam
456 2768 581 2829 sollicito
595 2765 755 2845 vigilantia
771 2763 868 2822 studio
883 2763 993 2822 instare
1005 2759 1066 2821 non
1079 2778 1155 2839 pree·

146 2852 332 2916 termisimus
348 2861 383 2913 ut
397 2851 415 2912 b
427 2852 661 2930 competentibus
678 2848 830 2927 judicibus
846 2857 877 2908 ct
891 2844 1088 2908 tribunalibus
1103 2847 1153 2909 ad·

147 2936 253 2999 versus
263 2937 397 3015 ejusdem
415 2935 632 2997 constitutionis
648 2936 805 2996 violatores
825 2951 880 3013 pro
899 2932 998 2994 delicti
1018 2950 1154 2995 mensura

146 3023 381 3102 procederetur,
400 3022 483 3101 qnod
506 3031 537 3082 et
554 3020 592 3081 ab
612 3021 655 3083 eis
673 3016 769 3096 reipsia
791 3036 868 3098 saepe
892 3019 1056 3097 praestitum
1075 3019 1153 3095 init,
1240 3054 1250 3073 ,

146 3123 212 3167 non
222 3107 343 3185 quidem
353 3106 520 3184 probabilia
535 3104 688 3165 dumtaxat
700 3103 750 3164 sed
764 3102 851 3182 plane
862 3104 1009 3165 evidentia
1022 3114 1053 3165 et
1066 3106 1154 3166 indn-

145 3191 241 3252 biteta
258 3201 434 3270 argumenta
453 3190 641 3261 dederimus,
661 3207 698 3249 ex
714 3191 822 3268 quibus
837 3190 927 3250 animi
941 3191 1033 3251 nostri
1053 3207 1154 3251 sensus

145 3294 186 3336 ac
202 3277 289 3337 firme
309 3285 341 3336 ot
362 3275 522 3336 deliberata
537 3275 672 3336 voluntas
696 3276 794 3353 quoad
816 3294 946 3336 censuras
968 3294 1022 3353 per
1042 3275 1154 3333 dictum

146 3360 333 3421 Clementem
352 3360 594 3438 predecessorem
611 3358 656 3437 (ut
675 3361 843 3439 proeicrtur)
860 3362 1004 3438 imposita
1021 3357 1154 3430 vigorem

146 3453 180 3505 ct
197 3444 419 3504 subsistentiam
440 3445 509 3504 satis
522 3444 621 3522 aperte
632 3445 735 3505 inlerri
749 3445 930 3519 debuerant;
944 3444 967 3500 si
984 3453 1041 3514 qna
1054 3441 1153 3530 autem

147 3528 300 3589 contrario
322 3525 465 3589 danobis
488 3529 589 3607 opinio
610 3529 872 3599 circumferretur,
896 3543 949 3584 nos
971 3535 1035 3612 cnm
1059 3533 1154 3577 securi

149 3620 343 3679 contemnere
358 3627 526 3690 possennus,
544 3629 720 3691 causamque
739 3621 869 3672 nostram
890 3607 970 3682 justo
983 3603 1037 3661 Det
1058 3601 1155 3662 omni·
