<?xml version="1.0" encoding="UTF-8"?>
<!DOCTYPE html PUBLIC "-//W3C//DTD XHTML 1.0 Transitional//EN"
    "http://www.w3.org/TR/xhtml1/DTD/xhtml1-transitional.dtd">
<html xmlns="http://www.w3.org/1999/xhtml" xml:lang="en" lang="en">
 <head>
  <title>
</title>
<meta http-equiv="Content-Type" content="text/html;charset=utf-8" />
  <meta name='ocr-system' content='tesseract 3.04.00' />
  <meta name='ocr-capabilities' content='ocr_page ocr_carea ocr_par ocr_line ocrx_word'/>
</head>
<body>
  <div class='ocr_page' id='page_1' title='image "./theologiamorali01heilgoog_0252.png"; bbox 0 0 2642 4150; ppageno 0'>
   <div class='ocr_carea' id='block_1_1' title="bbox 166 238 1183 1593">
    <p class='ocr_par' dir='ltr' id='par_1_1' title="bbox 167 238 842 323">
     <span class='ocr_line' id='line_1_1' title="bbox 167 238 842 323; baseline -0.012 -12"><span class='ocrx_word' id='word_1_1' title='bbox 167 248 226 311; x_wconf 64' lang='lat' dir='ltr'><strong><em>ili</em></strong></span> <span class='ocrx_word' id='word_1_2' title='bbox 364 255 439 302; x_wconf 65' lang='grc' dir='ltr'><strong><em>ω’</em></strong></span> <span class='ocrx_word' id='word_1_3' title='bbox 534 238 753 323; x_wconf 71' lang='lat' dir='ltr'><strong><em>..lppendic</em></strong></span> <span class='ocrx_word' id='word_1_4' title='bbox 838 239 842 246; x_wconf 77' lang='grc'><em>’</em></span> 
     </span>
    </p>

    <p class='ocr_par' dir='ltr' id='par_1_2' title="bbox 166 341 1183 1593">
     <span class='ocr_line' id='line_1_2' title="bbox 167 341 1183 445; baseline 0 -37"><span class='ocrx_word' id='word_1_5' title='bbox 167 346 248 445; x_wconf 80' lang='lat' dir='ltr'><strong><em>quod</em></strong></span> <span class='ocrx_word' id='word_1_6' title='bbox 273 343 365 407; x_wconf 72' lang='lat' dir='ltr'><strong><em>mete</em></strong></span> <span class='ocrx_word' id='word_1_7' title='bbox 388 343 494 413; x_wconf 87' lang='lat' dir='ltr'><strong><em>etiam,</em></strong></span> <span class='ocrx_word' id='word_1_8' title='bbox 518 341 569 405; x_wconf 81' lang='lat' dir='ltr'><strong><em>sed</em></strong></span> <span class='ocrx_word' id='word_1_9' title='bbox 584 343 713 405; x_wconf 79' lang='lat' dir='ltr'><strong><em>nimiim</em></strong></span> <span class='ocrx_word' id='word_1_10' title='bbox 744 342 889 416; x_wconf 64' lang='lat' dir='ltr'><strong><em>asaban,</em></strong></span> <span class='ocrx_word' id='word_1_11' title='bbox 911 349 939 404; x_wconf 87' lang='lat' dir='ltr'><strong><em>et</em></strong></span> <span class='ocrx_word' id='word_1_12' title='bbox 957 355 1084 422; x_wconf 74' lang='lat' dir='ltr'><strong><em>quorum</em></strong></span> <span class='ocrx_word' id='word_1_13' title='bbox 1105 344 1183 425; x_wconf 70' lang='lat' dir='ltr'><strong><em>fides</em></strong></span> 
     </span>
     <span class='ocr_line' id='line_1_3' title="bbox 168 422 1182 508; baseline 0.001 -17"><span class='ocrx_word' id='word_1_14' title='bbox 168 427 318 492; x_wconf 58' lang='lat' dir='ltr'><strong><em>salamim</em></strong></span> <span class='ocrx_word' id='word_1_15' title='bbox 354 426 504 508; x_wconf 81' lang='lat' dir='ltr'><strong><em>infirmior</em></strong></span> <span class='ocrx_word' id='word_1_16' title='bbox 536 435 600 505; x_wconf 84' lang='lat' dir='ltr'><strong><em>eet,</em></strong></span> <span class='ocrx_word' id='word_1_17' title='bbox 626 430 717 508; x_wconf 87' lang='lat' dir='ltr'><strong><em>qudm</em></strong></span> <span class='ocrx_word' id='word_1_18' title='bbox 745 422 928 507; x_wconf 81' lang='lat' dir='ltr'><strong><em>simplicium</em></strong></span> <span class='ocrx_word' id='word_1_19' title='bbox 956 436 987 487; x_wconf 89' lang='lat' dir='ltr'><strong><em>et</em></strong></span> <span class='ocrx_word' id='word_1_20' title='bbox 1015 429 1182 492; x_wconf 82' lang='lat' dir='ltr'><strong><em>inerudito·</em></strong></span> 
     </span>
     <span class='ocr_line' id='line_1_4' title="bbox 169 506 1181 595; baseline -0.001 -19"><span class='ocrx_word' id='word_1_21' title='bbox 169 532 257 593; x_wconf 81' lang='lat' dir='ltr'><strong><em>rum,</em></strong></span> <span class='ocrx_word' id='word_1_22' title='bbox 282 531 320 575; x_wconf 82' lang='lat' dir='ltr'><strong><em>ec</em></strong></span> <span class='ocrx_word' id='word_1_23' title='bbox 353 509 524 595; x_wconf 73' lang='lat' dir='ltr'><strong><em>hujusmodi</em></strong></span> <span class='ocrx_word' id='word_1_24' title='bbox 557 508 676 578; x_wconf 82' lang='lat' dir='ltr'><strong><em>testimo</em></strong></span> <span class='ocrx_word' id='word_1_25' title='bbox 700 506 872 593; x_wconf 77' lang='lat' dir='ltr'><strong><em>plerumque</em></strong></span> <span class='ocrx_word' id='word_1_26' title='bbox 899 509 1077 591; x_wconf 77' lang='lat' dir='ltr'><strong><em>imminere,</em></strong></span> <span class='ocrx_word' id='word_1_27' title='bbox 1105 513 1181 594; x_wconf 81' lang='lat' dir='ltr'><strong><em>inse·</em></strong></span> 
     </span>
     <span class='ocr_line' id='line_1_5' title="bbox 166 593 1180 683; baseline 0.001 -22"><span class='ocrx_word' id='word_1_28' title='bbox 166 598 216 663; x_wconf 80' lang='lat' dir='ltr'><strong><em>lio</em></strong></span> <span class='ocrx_word' id='word_1_29' title='bbox 242 599 424 683; x_wconf 73' lang='lat' dir='ltr'><strong><em>experientia</em></strong></span> <span class='ocrx_word' id='word_1_30' title='bbox 441 599 502 659; x_wconf 83' lang='lat' dir='ltr'><strong><em>cem</em></strong></span> <span class='ocrx_word' id='word_1_31' title='bbox 524 595 651 659; x_wconf 85' lang='lat' dir='ltr'><strong><em>robauit.</em></strong></span> <span class='ocrx_word' id='word_1_32' title='bbox 666 597 842 676; x_wconf 67' lang='lat' dir='ltr'><strong><em>additque:</em></strong></span> <span class='ocrx_word' id='word_1_33' title='bbox 866 599 910 658; x_wconf 77' lang='lat' dir='ltr'><strong><em>Et</em></strong></span> <span class='ocrx_word' id='word_1_34' title='bbox 930 617 983 659; x_wconf 89' lang='lat' dir='ltr'><strong><em>nec</em></strong></span> <span class='ocrx_word' id='word_1_35' title='bbox 1004 618 1072 660; x_wconf 77' lang='lat' dir='ltr'><strong><em>urm</em></strong></span> <span class='ocrx_word' id='word_1_36' title='bbox 1091 593 1180 662; x_wconf 78' lang='lat' dir='ltr'><strong><em>licen·</em></strong></span> 
     </span>
     <span class='ocr_line' id='line_1_6' title="bbox 171 615 1180 765; baseline 0 -20"><span class='ocrx_word' id='word_1_37' title='bbox 171 687 215 747; x_wconf 87' lang='lat' dir='ltr'><strong><em>tia</em></strong></span> <span class='ocrx_word' id='word_1_38' title='bbox 227 702 310 765; x_wconf 84' lang='lat' dir='ltr'><strong><em>posce</em></strong></span> <span class='ocrx_word' id='word_1_39' title='bbox 324 679 399 765; x_wconf 79' lang='lat' dir='ltr'><strong><em>topi,</em></strong></span> <span class='ocrx_word' id='word_1_40' title='bbox 417 683 446 744; x_wconf 86' lang='lat' dir='ltr'><strong><em>ei</em></strong></span> <span class='ocrx_word' id='word_1_41' title='bbox 464 615 692 761; x_wconf 63' lang='lat' dir='ltr'><strong><em>asportantem</em></strong></span> <span class='ocrx_word' id='word_1_42' title='bbox 707 680 816 756; x_wconf 77' lang='lat' dir='ltr'><strong><em>nubsit,</em></strong></span> <span class='ocrx_word' id='word_1_43' title='bbox 830 678 878 742; x_wconf 86' lang='lat' dir='ltr'><strong><em>ool</em></strong></span> <span class='ocrx_word' id='word_1_44' title='bbox 892 679 979 742; x_wconf 81' lang='lat' dir='ltr'><strong><em>arella</em></strong></span> <span class='ocrx_word' id='word_1_45' title='bbox 995 681 1078 744; x_wconf 81' lang='lat' dir='ltr'><strong><em>adsit</em></strong></span> <span class='ocrx_word' id='word_1_46' title='bbox 1087 702 1180 745; x_wconf 86' lang='lat' dir='ltr'><strong><em>causa</em></strong></span> 
     </span>
     <span class='ocr_line' id='line_1_7' title="bbox 168 762 1176 851; baseline -0.003 -21"><span class='ocrx_word' id='word_1_47' title='bbox 168 768 270 851; x_wconf 78' lang='lat' dir='ltr'><strong><em>pravis</em></strong></span> <span class='ocrx_word' id='word_1_48' title='bbox 288 765 411 848; x_wconf 81' lang='lat' dir='ltr'><strong><em>tepmdi.</em></strong></span> <span class='ocrx_word' id='word_1_49' title='bbox 437 764 567 828; x_wconf 80' lang='lat' dir='ltr'><strong><em>Tandem</em></strong></span> <span class='ocrx_word' id='word_1_50' title='bbox 588 762 735 844; x_wconf 83' lang='lat' dir='ltr'><strong><em>quidquid</em></strong></span> <span class='ocrx_word' id='word_1_51' title='bbox 760 762 817 826; x_wconf 86' lang='lat' dir='ltr'><strong><em>alii</em></strong></span> <span class='ocrx_word' id='word_1_52' title='bbox 834 764 973 827; x_wconf 76' lang='lat' dir='ltr'><strong><em>audacter</em></strong></span> <span class='ocrx_word' id='word_1_53' title='bbox 994 774 1176 844; x_wconf 79' lang='lat' dir='ltr'><strong><em>&#39;aulunrent‚</em></strong></span> 
     </span>
     <span class='ocr_line' id='line_1_8' title="bbox 169 847 1179 993; baseline -0.001 -78"><span class='ocrx_word' id='word_1_54' title='bbox 169 853 289 935; x_wconf 79' lang='lat' dir='ltr'><strong><em>piorum</em></strong></span> <span class='ocrx_word' id='word_1_55' title='bbox 307 850 441 933; x_wconf 79' lang='lat' dir='ltr'><strong><em>fidolium</em></strong></span> <span class='ocrx_word' id='word_1_56' title='bbox 457 848 539 910; x_wconf 83' lang='lat' dir='ltr'><strong><em>cordi</em></strong></span> <span class='ocrx_word' id='word_1_57' title='bbox 559 866 675 927; x_wconf 85' lang='lat' dir='ltr'><strong><em>semper</em></strong></span> <span class='ocrx_word' id='word_1_58' title='bbox 691 847 756 993; x_wconf 53' lang='lat' dir='ltr'><strong><em>{uit</em></strong></span> <span class='ocrx_word' id='word_1_59' title='bbox 771 857 917 930; x_wconf 76' lang='lat' dir='ltr'><strong><em>catapano,</em></strong></span> <span class='ocrx_word' id='word_1_60' title='bbox 937 858 974 910; x_wconf 91' lang='lat' dir='ltr'><strong><em>ut</em></strong></span> <span class='ocrx_word' id='word_1_61' title='bbox 988 848 1126 913; x_wconf 73' lang='lat' dir='ltr'><strong><em>Ecclesia</em></strong></span> <span class='ocrx_word' id='word_1_62' title='bbox 1144 853 1179 914; x_wconf 82' lang='lat' dir='ltr'><strong><em>in</em></strong></span> 
     </span>
     <span class='ocr_line' id='line_1_9' title="bbox 169 931 1179 1001; baseline -0.002 -4"><span class='ocrx_word' id='word_1_63' title='bbox 169 936 305 999; x_wconf 84' lang='lat' dir='ltr'><strong><em>omnibus</em></strong></span> <span class='ocrx_word' id='word_1_64' title='bbox 329 931 468 996; x_wconf 75' lang='lat' dir='ltr'><strong><em>humilem</em></strong></span> <span class='ocrx_word' id='word_1_65' title='bbox 484 941 513 993; x_wconf 93' lang='lat' dir='ltr'><strong><em>et</em></strong></span> <span class='ocrx_word' id='word_1_66' title='bbox 525 931 656 994; x_wconf 84' lang='lat' dir='ltr'><strong><em>deuotam</em></strong></span> <span class='ocrx_word' id='word_1_67' title='bbox 673 951 690 993; x_wconf 94' lang='lat' dir='ltr'><strong><em>o</em></strong></span> <span class='ocrx_word' id='word_1_68' title='bbox 708 931 866 993; x_wconf 82' lang='lat' dir='ltr'><strong><em>odientium</em></strong></span> <span class='ocrx_word' id='word_1_69' title='bbox 881 942 1040 994; x_wconf 82' lang='lat' dir='ltr'><strong><em>seruarent.</em></strong></span> <span class='ocrx_word' id='word_1_70' title='bbox 1054 933 1179 1001; x_wconf 81' lang='lat' dir='ltr'><strong><em>Carolus</em></strong></span> 
     </span>
     <span class='ocr_line' id='line_1_10' title="bbox 171 1017 1178 1102; baseline -0.003 -19"><span class='ocrx_word' id='word_1_71' title='bbox 171 1024 302 1102; x_wconf 80' lang='lat' dir='ltr'><strong><em>dloqnus</em></strong></span> <span class='ocrx_word' id='word_1_72' title='bbox 315 1021 419 1081; x_wconf 88' lang='lat' dir='ltr'><strong><em>solitus</em></strong></span> <span class='ocrx_word' id='word_1_73' title='bbox 438 1026 502 1078; x_wconf 86' lang='lat' dir='ltr'><strong><em>erat</em></strong></span> <span class='ocrx_word' id='word_1_74' title='bbox 518 1017 616 1076; x_wconf 88' lang='lat' dir='ltr'><strong><em>dicere</em></strong></span> <span class='ocrx_word' id='word_1_75' title='bbox 627 1038 635 1075; x_wconf 78' lang='lat' dir='ltr'><strong><em>c</em></strong></span> <span class='ocrx_word' id='word_1_76' title='bbox 648 1019 688 1077; x_wconf 91' lang='lat' dir='ltr'><strong><em>ln</em></strong></span> <span class='ocrx_word' id='word_1_77' title='bbox 704 1017 876 1077; x_wconf 73' lang='lat' dir='ltr'><strong><em>mestorium</em></strong></span> <span class='ocrx_word' id='word_1_78' title='bbox 894 1020 934 1078; x_wconf 86' lang='lat' dir='ltr'><strong><em>B.</em></strong></span> <span class='ocrx_word' id='word_1_79' title='bbox 948 1019 1034 1080; x_wconf 82' lang='lat' dir='ltr'><strong><em>Petri</em></strong></span> <span class='ocrx_word' id='word_1_80' title='bbox 1055 1019 1178 1081; x_wconf 74' lang='lat' dir='ltr'><strong><em>bonone·</em></strong></span> 
     </span>
     <span class='ocr_line' id='line_1_11' title="bbox 166 1099 1179 1181; baseline -0.002 -15"><span class='ocrx_word' id='word_1_81' title='bbox 166 1124 238 1167; x_wconf 86' lang='lat' dir='ltr'><strong><em>mus</em></strong></span> <span class='ocrx_word' id='word_1_82' title='bbox 256 1109 422 1168; x_wconf 81' lang='lat' dir='ltr'><strong><em>Romanam</em></strong></span> <span class='ocrx_word' id='word_1_83' title='bbox 436 1110 465 1163; x_wconf 94' lang='lat' dir='ltr'><strong><em>et</em></strong></span> <span class='ocrx_word' id='word_1_84' title='bbox 483 1100 673 1181; x_wconf 74' lang='lat' dir='ltr'><strong><em>apostolicam</em></strong></span> <span class='ocrx_word' id='word_1_85' title='bbox 683 1099 803 1171; x_wconf 83' lang='lat' dir='ltr'><strong><em>Sedem,</em></strong></span> <span class='ocrx_word' id='word_1_86' title='bbox 817 1109 853 1161; x_wconf 89' lang='lat' dir='ltr'><strong><em>ut</em></strong></span> <span class='ocrx_word' id='word_1_87' title='bbox 864 1120 931 1179; x_wconf 80' lang='lat' dir='ltr'><strong><em>qceae</em></strong></span> <span class='ocrx_word' id='word_1_88' title='bbox 952 1102 1037 1164; x_wconf 68' lang='lat' dir='ltr'><strong><em>nobb</em></strong></span> <span class='ocrx_word' id='word_1_89' title='bbox 1050 1103 1179 1170; x_wconf 79' lang='lat' dir='ltr'><strong><em>sacerdo</em></strong></span> 
     </span>
     <span class='ocr_line' id='line_1_12' title="bbox 172 1183 1181 1267; baseline -0.002 -16"><span class='ocrx_word' id='word_1_90' title='bbox 172 1186 243 1251; x_wconf 83' lang='lat' dir='ltr'><strong><em>talis</em></strong></span> <span class='ocrx_word' id='word_1_91' title='bbox 260 1192 359 1251; x_wconf 80' lang='lat' dir='ltr'><strong><em>nocer</em></strong></span> <span class='ocrx_word' id='word_1_92' title='bbox 376 1183 603 1267; x_wconf 72' lang='lat' dir='ltr'><strong><em>nudipedalis,</em></strong></span> <span class='ocrx_word' id='word_1_93' title='bbox 621 1202 683 1246; x_wconf 83' lang='lat' dir='ltr'><strong><em>esee</em></strong></span> <span class='ocrx_word' id='word_1_94' title='bbox 700 1183 803 1246; x_wconf 85' lang='lat' dir='ltr'><strong><em>debeat</em></strong></span> <span class='ocrx_word' id='word_1_95' title='bbox 821 1186 970 1265; x_wconf 80' lang='lat' dir='ltr'><strong><em>Maqistca</em></strong></span> <span class='ocrx_word' id='word_1_96' title='bbox 982 1184 1181 1249; x_wconf 72' lang='lat' dir='ltr'><strong><em>ecclesiactica</em></strong></span> 
     </span>
     <span class='ocr_line' id='line_1_13' title="bbox 171 1263 1178 1350; baseline -0.004 -13"><span class='ocrx_word' id='word_1_97' title='bbox 171 1273 310 1337; x_wconf 81' lang='lat' dir='ltr'><strong><em>rationis.</em></strong></span> <span class='ocrx_word' id='word_1_98' title='bbox 333 1274 433 1348; x_wconf 82' lang='lat' dir='ltr'><strong><em>Quare</em></strong></span> <span class='ocrx_word' id='word_1_99' title='bbox 453 1263 601 1330; x_wconf 75' lang='lat' dir='ltr'><strong><em>cernentia</em></strong></span> <span class='ocrx_word' id='word_1_100' title='bbox 619 1276 662 1329; x_wconf 84' lang='lat' dir='ltr'><strong><em>est</em></strong></span> <span class='ocrx_word' id='word_1_101' title='bbox 681 1287 748 1329; x_wconf 86' lang='lat' dir='ltr'><strong><em>cum</em></strong></span> <span class='ocrx_word' id='word_1_102' title='bbox 768 1269 992 1331; x_wconf 73' lang='lat' dir='ltr'><strong><em>mansuetudine</em></strong></span> <span class='ocrx_word' id='word_1_103' title='bbox 1004 1269 1159 1333; x_wconf 76' lang='lat' dir='ltr'><strong><em>humilitas</em></strong></span> <span class='ocrx_word' id='word_1_104' title='bbox 1165 1317 1178 1350; x_wconf 87' lang='lat'>,</span> 
     </span>
     <span class='ocr_line' id='line_1_14' title="bbox 170 1349 1179 1435; baseline -0.008 -12"><span class='ocrx_word' id='word_1_105' title='bbox 170 1368 208 1423; x_wconf 87' lang='lat' dir='ltr'><strong><em>nt</em></strong></span> <span class='ocrx_word' id='word_1_106' title='bbox 229 1357 296 1421; x_wconf 74' lang='lat' dir='ltr'><strong><em>tices</em></strong></span> <span class='ocrx_word' id='word_1_107' title='bbox 311 1356 364 1418; x_wconf 81' lang='lat' dir='ltr'><strong><em>nic</em></strong></span> <span class='ocrx_word' id='word_1_108' title='bbox 382 1352 585 1435; x_wconf 73' lang='lat' dir='ltr'><strong><em>ferendumne</em></strong></span> <span class='ocrx_word' id='word_1_109' title='bbox 600 1349 965 1432; x_wconf 74' lang='lat' dir='ltr'><strong><em>titos.Seeetmpoooeor</em></strong></span> <span class='ocrx_word' id='word_1_110' title='bbox 978 1353 1105 1435; x_wconf 77' lang='lat' dir='ltr'><strong><em>jupam,</em></strong></span> <span class='ocrx_word' id='word_1_111' title='bbox 1129 1364 1179 1415; x_wconf 89' lang='lat' dir='ltr'><strong><em>ta-</em></strong></span> 
     </span>
     <span class='ocr_line' id='line_1_15' title="bbox 169 1433 1176 1523; baseline -0.005 -18"><span class='ocrx_word' id='word_1_112' title='bbox 169 1443 411 1523; x_wconf 66' lang='lat' dir='ltr'><strong><em>mulceamus,</em></strong></span> <span class='ocrx_word' id='word_1_113' title='bbox 430 1439 528 1520; x_wconf 86' lang='lat' dir='ltr'><strong><em>etpia</em></strong></span> <span class='ocrx_word' id='word_1_114' title='bbox 549 1435 700 1500; x_wconf 86' lang='lat' dir='ltr'><strong><em>devotione</em></strong></span> <span class='ocrx_word' id='word_1_115' title='bbox 720 1433 882 1499; x_wconf 63' lang='lat' dir='ltr'><strong><em>lueremus.</em></strong></span> <span class='ocrx_word' id='word_1_116' title='bbox 912 1436 985 1501; x_wconf 83' lang='lat' dir='ltr'><strong><em>Vide</em></strong></span> <span class='ocrx_word' id='word_1_117' title='bbox 1003 1439 1038 1501; x_wconf 89' lang='lat' dir='ltr'><strong><em>in</em></strong></span> <span class='ocrx_word' id='word_1_118' title='bbox 1063 1439 1176 1501; x_wconf 68' lang='lat' dir='ltr'><strong><em>Consul.</em></strong></span> 
     </span>
     <span class='ocr_line' id='line_1_16' title="bbox 177 1524 1170 1593; baseline -0.004 -2"><span class='ocrx_word' id='word_1_119' title='bbox 177 1525 297 1593; x_wconf 75' lang='lat' dir='ltr'><strong><em>Tribus.</em></strong></span> <span class='ocrx_word' id='word_1_120' title='bbox 314 1528 387 1592; x_wconf 80' lang='lat' dir='ltr'><strong><em>Can.</em></strong></span> <span class='ocrx_word' id='word_1_121' title='bbox 403 1524 453 1585; x_wconf 74' lang='lat'><strong><em>50·</em></strong></span> <span class='ocrx_word' id='word_1_122' title='bbox 1168 1553 1170 1560; x_wconf 34' lang='grc' dir='ltr'><em>ι</em></span> 
     </span>
    </p>
   </div>
   <div class='ocr_carea' id='block_1_2' title="bbox 588 1703 758 1766">
    <p class='ocr_par' dir='ltr' id='par_1_3' title="bbox 588 1703 758 1766">
     <span class='ocr_line' id='line_1_17' title="bbox 588 1703 758 1766; baseline -0.012 -1"><span class='ocrx_word' id='word_1_123' title='bbox 588 1703 711 1766; x_wconf 76' lang='lat' dir='ltr'>CAPUT</span> <span class='ocrx_word' id='word_1_124' title='bbox 721 1703 758 1764; x_wconf 82' lang='lat' dir='ltr'><strong><em>V.</em></strong></span> 
     </span>
    </p>
   </div>
   <div class='ocr_carea' id='block_1_3' title="bbox 252 1906 1087 2021">
    <p class='ocr_par' dir='ltr' id='par_1_4' title="bbox 252 1906 1087 2021">
     <span class='ocr_line' id='line_1_18' title="bbox 252 1906 1087 2021; baseline -0.002 -22"><span class='ocrx_word' id='word_1_125' title='bbox 252 1913 499 1999; x_wconf 83' lang='lat' dir='ltr'><strong><em>Resolvunlur</em></strong></span> <span class='ocrx_word' id='word_1_126' title='bbox 531 1916 699 2018; x_wconf 83' lang='lat' dir='ltr'><strong><em>quaedam</em></strong></span> <span class='ocrx_word' id='word_1_127' title='bbox 728 1915 841 1993; x_wconf 81' lang='lat' dir='ltr'><strong><em>dubio</em></strong></span> <span class='ocrx_word' id='word_1_128' title='bbox 869 1917 915 1993; x_wconf 89' lang='lat' dir='ltr'><strong><em>ad</em></strong></span> <span class='ocrx_word' id='word_1_129' title='bbox 948 1906 1087 2021; x_wconf 79' lang='lat' dir='ltr'><strong><em>praxim</em></strong></span> 
     </span>
    </p>
   </div>
   <div class='ocr_carea' id='block_1_4' title="bbox 583 2030 792 2132">
    <p class='ocr_par' dir='ltr' id='par_1_5' title="bbox 583 2030 792 2132">
     <span class='ocr_line' id='line_1_19' title="bbox 583 2030 792 2132; baseline -0.01 -24"><span class='ocrx_word' id='word_1_130' title='bbox 583 2030 792 2132; x_wconf 83' lang='lat' dir='ltr'><strong><em>spectantis.</em></strong></span> 
     </span>
    </p>
   </div>
   <div class='ocr_carea' id='block_1_5' title="bbox 170 2272 1189 3370">
    <p class='ocr_par' dir='ltr' id='par_1_6' title="bbox 170 2272 1189 3370">
     <span class='ocr_line' id='line_1_20' title="bbox 212 2272 1180 2352; baseline -0.005 -14"><span class='ocrx_word' id='word_1_131' title='bbox 212 2278 237 2338; x_wconf 91' lang='lat' dir='ltr'><strong><em>l.</em></strong></span> <span class='ocrx_word' id='word_1_132' title='bbox 253 2274 402 2352; x_wconf 80' lang='lat' dir='ltr'><strong><em>Quaeritur</em></strong></span> <span class='ocrx_word' id='word_1_133' title='bbox 415 2275 440 2335; x_wconf 89' lang='lat' dir='ltr'><strong><em>l.</em></strong></span> <span class='ocrx_word' id='word_1_134' title='bbox 457 2274 504 2336; x_wconf 76' lang='lat' dir='ltr'><strong><em>nn</em></strong></span> <span class='ocrx_word' id='word_1_135' title='bbox 516 2274 568 2352; x_wconf 86' lang='lat' dir='ltr'><strong><em>qui</em></strong></span> <span class='ocrx_word' id='word_1_136' title='bbox 586 2272 741 2335; x_wconf 84' lang='lat' dir='ltr'><strong><em>moraliter</em></strong></span> <span class='ocrx_word' id='word_1_137' title='bbox 762 2274 836 2336; x_wconf 86' lang='lat' dir='ltr'><strong><em>certi</em></strong></span> <span class='ocrx_word' id='word_1_138' title='bbox 858 2281 945 2349; x_wconf 86' lang='lat' dir='ltr'><strong><em>sunt,</em></strong></span> <span class='ocrx_word' id='word_1_139' title='bbox 969 2273 1086 2335; x_wconf 88' lang='lat' dir='ltr'><strong><em>nullum</em></strong></span> <span class='ocrx_word' id='word_1_140' title='bbox 1106 2289 1180 2352; x_wconf 60' lang='lat' dir='ltr'><strong><em>perv</em></strong></span> 
     </span>
     <span class='ocr_line' id='line_1_21' title="bbox 173 2359 1185 2438; baseline -0.005 -16"><span class='ocrx_word' id='word_1_141' title='bbox 173 2360 315 2422; x_wconf 75' lang='lat' dir='ltr'><strong><em>versionis</em></strong></span> <span class='ocrx_word' id='word_1_142' title='bbox 328 2359 493 2437; x_wconf 83' lang='lat' dir='ltr'><strong><em>perieulum</em></strong></span> <span class='ocrx_word' id='word_1_143' title='bbox 514 2359 705 2429; x_wconf 82' lang='lat' dir='ltr'><strong><em>incurrendi,</em></strong></span> <span class='ocrx_word' id='word_1_144' title='bbox 726 2360 839 2437; x_wconf 82' lang='lat' dir='ltr'><strong><em>possint</em></strong></span> <span class='ocrx_word' id='word_1_145' title='bbox 857 2360 967 2438; x_wconf 82' lang='lat' dir='ltr'><strong><em>absque</em></strong></span> <span class='ocrx_word' id='word_1_146' title='bbox 982 2359 1098 2420; x_wconf 86' lang='lat' dir='ltr'><strong><em>licentia</em></strong></span> <span class='ocrx_word' id='word_1_147' title='bbox 1112 2375 1185 2435; x_wconf 88' lang='lat' dir='ltr'><strong><em>pro·</em></strong></span> 
     </span>
     <span class='ocr_line' id='line_1_22' title="bbox 172 2442 1179 2522; baseline -0.005 -16"><span class='ocrx_word' id='word_1_148' title='bbox 172 2444 282 2506; x_wconf 89' lang='lat' dir='ltr'><strong><em>bibitos</em></strong></span> <span class='ocrx_word' id='word_1_149' title='bbox 299 2444 391 2505; x_wconf 90' lang='lat' dir='ltr'><strong><em>libros</em></strong></span> <span class='ocrx_word' id='word_1_150' title='bbox 408 2444 529 2521; x_wconf 73' lang='lat' dir='ltr'><strong><em>legere?</em></strong></span> <span class='ocrx_word' id='word_1_151' title='bbox 546 2444 700 2503; x_wconf 74' lang='lat' dir='ltr'><strong><em>Probabile</em></strong></span> <span class='ocrx_word' id='word_1_152' title='bbox 716 2460 778 2504; x_wconf 83' lang='lat' dir='ltr'><strong><em>osse</em></strong></span> <span class='ocrx_word' id='word_1_153' title='bbox 791 2462 827 2504; x_wconf 89' lang='lat' dir='ltr'><strong><em>eo</em></strong></span> <span class='ocrx_word' id='word_1_154' title='bbox 848 2464 916 2505; x_wconf 81' lang='lat' dir='ltr'><strong><em>casu</em></strong></span> <span class='ocrx_word' id='word_1_155' title='bbox 937 2442 1019 2521; x_wconf 84' lang='lat' dir='ltr'><strong><em>qubd</em></strong></span> <span class='ocrx_word' id='word_1_156' title='bbox 1037 2444 1179 2522; x_wconf 82' lang='lat' dir='ltr'><strong><em>possint,</em></strong></span> 
     </span>
     <span class='ocr_line' id='line_1_23' title="bbox 172 2526 1178 2610; baseline -0.006 -18"><span class='ocrx_word' id='word_1_157' title='bbox 172 2531 316 2610; x_wconf 75' lang='lat' dir='ltr'><strong><em>putirunt</em></strong></span> <span class='ocrx_word' id='word_1_158' title='bbox 335 2529 427 2607; x_wconf 79' lang='lat' dir='ltr'><strong><em>aliqui</em></strong></span> <span class='ocrx_word' id='word_1_159' title='bbox 446 2546 513 2589; x_wconf 86' lang='lat' dir='ltr'><strong><em>cum</em></strong></span> <span class='ocrx_word' id='word_1_160' title='bbox 537 2526 712 2590; x_wconf 83' lang='lat' dir='ltr'><strong><em>Garcnnuele</em></strong></span> <span class='ocrx_word' id='word_1_161' title='bbox 732 2529 879 2606; x_wconf 71' lang='lat' dir='ltr'><strong><em>(taxarum</em></strong></span> <span class='ocrx_word' id='word_1_162' title='bbox 901 2528 985 2591; x_wconf 76' lang='lat' dir='ltr'><strong><em>facile</em></strong></span> <span class='ocrx_word' id='word_1_163' title='bbox 1002 2526 1178 2606; x_wconf 60' lang='lat' dir='ltr'><strong><em>principos</em></strong></span> 
     </span>
     <span class='ocr_line' id='line_1_24' title="bbox 172 2612 1184 2693; baseline -0.007 -17"><span class='ocrx_word' id='word_1_164' title='bbox 172 2616 305 2676; x_wconf 87' lang='lat' dir='ltr'><strong><em>dicentes</em></strong></span> <span class='ocrx_word' id='word_1_165' title='bbox 317 2612 419 2693; x_wconf 74' lang='lat' dir='ltr'><strong><em>quod,</em></strong></span> <span class='ocrx_word' id='word_1_166' title='bbox 434 2621 564 2673; x_wconf 77' lang='lat' dir='ltr'><strong><em>cessante</em></strong></span> <span class='ocrx_word' id='word_1_167' title='bbox 582 2612 643 2673; x_wconf 86' lang='lat' dir='ltr'><strong><em>fine</em></strong></span> <span class='ocrx_word' id='word_1_168' title='bbox 662 2613 736 2690; x_wconf 80' lang='lat' dir='ltr'><strong><em>legis</em></strong></span> <span class='ocrx_word' id='word_1_169' title='bbox 749 2614 921 2692; x_wconf 81' lang='lat' dir='ltr'><strong><em>adaequeto,</em></strong></span> <span class='ocrx_word' id='word_1_170' title='bbox 939 2620 1030 2674; x_wconf 87' lang='lat' dir='ltr'><strong><em>cesset</em></strong></span> <span class='ocrx_word' id='word_1_171' title='bbox 1046 2612 1093 2672; x_wconf 85' lang='lat' dir='ltr'><strong><em>lex</em></strong></span> <span class='ocrx_word' id='word_1_172' title='bbox 1108 2628 1184 2688; x_wconf 84' lang='lat' dir='ltr'><strong><em>pro·</em></strong></span> 
     </span>
     <span class='ocr_line' id='line_1_25' title="bbox 171 2697 1184 2779; baseline -0.003 -18"><span class='ocrx_word' id='word_1_173' title='bbox 171 2700 336 2762; x_wconf 86' lang='lat' dir='ltr'><strong><em>bibitionis.</em></strong></span> <span class='ocrx_word' id='word_1_174' title='bbox 359 2697 416 2759; x_wconf 83' lang='lat' dir='ltr'><strong><em>Sed</em></strong></span> <span class='ocrx_word' id='word_1_175' title='bbox 431 2716 500 2759; x_wconf 91' lang='lat' dir='ltr'><strong><em>cum</em></strong></span> <span class='ocrx_word' id='word_1_176' title='bbox 519 2698 663 2759; x_wconf 85' lang='lat' dir='ltr'><strong><em>sententia</em></strong></span> <span class='ocrx_word' id='word_1_177' title='bbox 692 2701 931 2759; x_wconf 74' lang='lat' dir='ltr'><strong><em>communissima</em></strong></span> <span class='ocrx_word' id='word_1_178' title='bbox 951 2698 1053 2779; x_wconf 77' lang='lat' dir='ltr'><strong><em>(quam</em></strong></span> <span class='ocrx_word' id='word_1_179' title='bbox 1075 2704 1184 2758; x_wconf 83' lang='lat' dir='ltr'><strong><em>tenent</em></strong></span> 
     </span>
     <span class='ocr_line' id='line_1_26' title="bbox 175 2777 1182 2864; baseline -0.004 -18"><span class='ocrx_word' id='word_1_180' title='bbox 175 2787 311 2864; x_wconf 80' lang='lat' dir='ltr'><strong><em>Castrop.</em></strong></span> <span class='ocrx_word' id='word_1_181' title='bbox 320 2781 355 2844; x_wconf 90' lang='lat' dir='ltr'><strong><em>de</em></strong></span> <span class='ocrx_word' id='word_1_182' title='bbox 363 2780 424 2861; x_wconf 78' lang='lat' dir='ltr'><strong><em>fide</em></strong></span> <span class='ocrx_word' id='word_1_183' title='bbox 433 2780 465 2841; x_wconf 83' lang='lat' dir='ltr'><strong><em>d.</em></strong></span> <span class='ocrx_word' id='word_1_184' title='bbox 477 2784 546 2862; x_wconf 42' lang='lat' dir='ltr'><strong><em>inp.</em></strong></span> <span class='ocrx_word' id='word_1_185' title='bbox 561 2785 611 2843; x_wconf 85' lang='lat' dir='ltr'><strong><em>lo.</em></strong></span> <span class='ocrx_word' id='word_1_186' title='bbox 622 2781 648 2861; x_wconf 71' lang='lat' dir='ltr'><strong><em>S.</em></strong></span> <span class='ocrx_word' id='word_1_187' title='bbox 657 2785 688 2843; x_wconf 76' lang='lat'><strong><em>2.</em></strong></span> <span class='ocrx_word' id='word_1_188' title='bbox 698 2801 732 2842; x_wconf 86' lang='lat' dir='ltr'><strong><em>n.</em></strong></span> <span class='ocrx_word' id='word_1_189' title='bbox 744 2785 774 2842; x_wconf 84' lang='grc'><strong><em>9.</em></strong></span> <span class='ocrx_word' id='word_1_190' title='bbox 785 2801 852 2843; x_wconf 89' lang='lat' dir='ltr'><strong><em>cum</em></strong></span> <span class='ocrx_word' id='word_1_191' title='bbox 861 2785 951 2844; x_wconf 85' lang='lat' dir='ltr'><strong><em>Suar.</em></strong></span> <span class='ocrx_word' id='word_1_192' title='bbox 967 2778 1057 2843; x_wconf 81' lang='lat' dir='ltr'><strong><em>Tolet.</em></strong></span> <span class='ocrx_word' id='word_1_193' title='bbox 1067 2777 1182 2842; x_wconf 83' lang='lat' dir='ltr'><strong><em>Sunclc.</em></strong></span> 
     </span>
     <span class='ocr_line' id='line_1_27' title="bbox 172 2863 1183 2946; baseline -0.003 -19"><span class='ocrx_word' id='word_1_194' title='bbox 172 2875 202 2927; x_wconf 88' lang='lat' dir='ltr'><strong><em>et</em></strong></span> <span class='ocrx_word' id='word_1_195' title='bbox 216 2866 357 2929; x_wconf 81' lang='lat' dir='ltr'><strong><em>Tambuc.</em></strong></span> <span class='ocrx_word' id='word_1_196' title='bbox 371 2868 406 2926; x_wconf 85' lang='lat' dir='ltr'><strong><em>in</em></strong></span> <span class='ocrx_word' id='word_1_197' title='bbox 416 2867 489 2926; x_wconf 87' lang='lat' dir='ltr'><strong><em>Dec.</em></strong></span> <span class='ocrx_word' id='word_1_198' title='bbox 507 2863 530 2927; x_wconf 87' lang='lat' dir='ltr'><strong><em>l.</em></strong></span> <span class='ocrx_word' id='word_1_199' title='bbox 543 2869 573 2928; x_wconf 75' lang='lat'><strong><em>2.</em></strong></span> <span class='ocrx_word' id='word_1_200' title='bbox 585 2885 610 2927; x_wconf 91' lang='lat' dir='ltr'><strong><em>c.</em></strong></span> <span class='ocrx_word' id='word_1_201' title='bbox 622 2870 651 2927; x_wconf 90' lang='lat' dir='ltr'><strong><em>l.</em></strong></span> <span class='ocrx_word' id='word_1_202' title='bbox 665 2865 691 2946; x_wconf 77' lang='lat' dir='ltr'><strong><em>S.</em></strong></span> <span class='ocrx_word' id='word_1_203' title='bbox 705 2868 735 2926; x_wconf 89' lang='grc'><strong><em>7.</em></strong></span> <span class='ocrx_word' id='word_1_204' title='bbox 747 2884 779 2927; x_wconf 91' lang='lat' dir='ltr'><strong><em>n.</em></strong></span> <span class='ocrx_word' id='word_1_205' title='bbox 788 2868 851 2943; x_wconf 79' lang='lat' dir='ltr'><strong><em>lt.)</em></strong></span> <span class='ocrx_word' id='word_1_206' title='bbox 863 2865 987 2929; x_wconf 80' lang='lat' dir='ltr'><strong><em>omnind</em></strong></span> <span class='ocrx_word' id='word_1_207' title='bbox 998 2865 1183 2944; x_wconf 56' lang='lat' dir='ltr'><strong><em>negandumg</em></strong></span> 
     </span>
     <span class='ocr_line' id='line_1_28' title="bbox 173 2948 1181 3031; baseline -0.003 -22"><span class='ocrx_word' id='word_1_208' title='bbox 173 2950 291 3028; x_wconf 76' lang='lat' dir='ltr'><strong><em>primi,</em></strong></span> <span class='ocrx_word' id='word_1_209' title='bbox 316 2951 385 3028; x_wconf 85' lang='lat' dir='ltr'><strong><em>quia</em></strong></span> <span class='ocrx_word' id='word_1_210' title='bbox 411 2949 479 3011; x_wconf 78' lang='lat' dir='ltr'><strong><em>neec</em></strong></span> <span class='ocrx_word' id='word_1_211' title='bbox 496 2951 658 3029; x_wconf 83' lang='lat' dir='ltr'><strong><em>probabilis</em></strong></span> <span class='ocrx_word' id='word_1_212' title='bbox 675 2960 750 3012; x_wconf 70' lang='lat' dir='ltr'><strong><em>esset</em></strong></span> <span class='ocrx_word' id='word_1_213' title='bbox 768 2952 890 3031; x_wconf 86' lang='lat' dir='ltr'><strong><em>opinio,</em></strong></span> <span class='ocrx_word' id='word_1_214' title='bbox 909 2948 1181 3030; x_wconf 64' lang='lat' dir='ltr'><strong><em>quiescentes,</em></strong></span> 
     </span>
     <span class='ocr_line' id='line_1_29' title="bbox 170 3033 1183 3115; baseline 0.002 -21"><span class='ocrx_word' id='word_1_215' title='bbox 170 3041 300 3094; x_wconf 74' lang='lat' dir='ltr'><strong><em>oronnae</em></strong></span> <span class='ocrx_word' id='word_1_216' title='bbox 310 3034 401 3112; x_wconf 88' lang='lat' dir='ltr'><strong><em>ipsius</em></strong></span> <span class='ocrx_word' id='word_1_217' title='bbox 416 3033 478 3094; x_wconf 87' lang='lat' dir='ltr'><strong><em>fine</em></strong></span> <span class='ocrx_word' id='word_1_218' title='bbox 495 3034 670 3115; x_wconf 72' lang='lat' dir='ltr'><strong><em>admoneto,</em></strong></span> <span class='ocrx_word' id='word_1_219' title='bbox 692 3038 782 3097; x_wconf 86' lang='lat' dir='ltr'><strong><em>etiam</em></strong></span> <span class='ocrx_word' id='word_1_220' title='bbox 802 3037 834 3098; x_wconf 90' lang='lat' dir='ltr'><strong><em>in</em></strong></span> <span class='ocrx_word' id='word_1_221' title='bbox 847 3054 914 3096; x_wconf 85' lang='lat' dir='ltr'><strong><em>casu</em></strong></span> <span class='ocrx_word' id='word_1_222' title='bbox 927 3033 1114 3113; x_wconf 83' lang='lat' dir='ltr'><strong><em>particulari:</em></strong></span> <span class='ocrx_word' id='word_1_223' title='bbox 1126 3035 1183 3096; x_wconf 85' lang='lat' dir='ltr'><strong><em>cui</em></strong></span> 
     </span>
     <span class='ocr_line' id='line_1_30' title="bbox 170 3117 1183 3199; baseline -0.003 -20"><span class='ocrx_word' id='word_1_224' title='bbox 170 3118 305 3196; x_wconf 88' lang='lat' dir='ltr'><strong><em>opinioni</em></strong></span> <span class='ocrx_word' id='word_1_225' title='bbox 319 3119 375 3179; x_wconf 89' lang='lat' dir='ltr'><strong><em>alia</em></strong></span> <span class='ocrx_word' id='word_1_226' title='bbox 386 3119 546 3197; x_wconf 91' lang='lat' dir='ltr'><strong><em>opponitur</em></strong></span> <span class='ocrx_word' id='word_1_227' title='bbox 560 3121 747 3182; x_wconf 87' lang='lat' dir='ltr'><strong><em>communior</em></strong></span> <span class='ocrx_word' id='word_1_228' title='bbox 763 3128 794 3181; x_wconf 86' lang='lat' dir='ltr'><strong><em>ct</em></strong></span> <span class='ocrx_word' id='word_1_229' title='bbox 809 3121 992 3199; x_wconf 82' lang='lat' dir='ltr'><strong><em>probabilior</em></strong></span> <span class='ocrx_word' id='word_1_230' title='bbox 1009 3117 1183 3190; x_wconf 61' lang='lat' dir='ltr'><strong><em>seutentia3</em></strong></span> 
     </span>
     <span class='ocr_line' id='line_1_31' title="bbox 171 3201 1187 3283; baseline 0 -19"><span class='ocrx_word' id='word_1_231' title='bbox 171 3202 209 3264; x_wconf 80' lang='lat' dir='ltr'><strong><em>cb</em></strong></span> <span class='ocrx_word' id='word_1_232' title='bbox 226 3201 307 3280; x_wconf 86' lang='lat' dir='ltr'><strong><em>qubd</em></strong></span> <span class='ocrx_word' id='word_1_233' title='bbox 324 3211 454 3263; x_wconf 81' lang='lat' dir='ltr'><strong><em>cessante</em></strong></span> <span class='ocrx_word' id='word_1_234' title='bbox 472 3202 533 3263; x_wconf 85' lang='lat' dir='ltr'><strong><em>line</em></strong></span> <span class='ocrx_word' id='word_1_235' title='bbox 550 3202 650 3265; x_wconf 86' lang='lat' dir='ltr'><strong><em>damni</em></strong></span> <span class='ocrx_word' id='word_1_236' title='bbox 670 3206 703 3265; x_wconf 92' lang='lat' dir='ltr'><strong><em>in</em></strong></span> <span class='ocrx_word' id='word_1_237' title='bbox 717 3205 910 3283; x_wconf 86' lang='lat' dir='ltr'><strong><em>particulari,</em></strong></span> <span class='ocrx_word' id='word_1_238' title='bbox 924 3222 986 3265; x_wconf 89' lang='lat' dir='ltr'><strong><em>non</em></strong></span> <span class='ocrx_word' id='word_1_239' title='bbox 1000 3203 1187 3264; x_wconf 82' lang='lat' dir='ltr'><strong><em>cessatnilsi·</em></strong></span> 
     </span>
     <span class='ocr_line' id='line_1_32' title="bbox 173 3284 1189 3370; baseline 0 -23"><span class='ocrx_word' id='word_1_240' title='bbox 173 3284 303 3348; x_wconf 78' lang='lat' dir='ltr'><strong><em>lomin‘irs</em></strong></span> <span class='ocrx_word' id='word_1_241' title='bbox 322 3286 391 3348; x_wconf 88' lang='lat' dir='ltr'><strong><em>linis</em></strong></span> <span class='ocrx_word' id='word_1_242' title='bbox 412 3287 484 3366; x_wconf 77' lang='lat' dir='ltr'><strong><em>legis</em></strong></span> <span class='ocrx_word' id='word_1_243' title='bbox 503 3288 536 3349; x_wconf 89' lang='lat' dir='ltr'><strong><em>in</em></strong></span> <span class='ocrx_word' id='word_1_244' title='bbox 555 3289 726 3359; x_wconf 85' lang='lat' dir='ltr'><strong><em>communi,</em></strong></span> <span class='ocrx_word' id='word_1_245' title='bbox 745 3289 796 3365; x_wconf 91' lang='lat' dir='ltr'><strong><em>qui</em></strong></span> <span class='ocrx_word' id='word_1_246' title='bbox 814 3297 859 3370; x_wconf 73' lang='lat' dir='ltr'><strong><em>est</em></strong></span> <span class='ocrx_word' id='word_1_247' title='bbox 878 3297 913 3351; x_wconf 90' lang='lat' dir='ltr'><strong><em>ut</em></strong></span> <span class='ocrx_word' id='word_1_248' title='bbox 932 3290 1045 3349; x_wconf 81' lang='lat' dir='ltr'><strong><em>vitetur</em></strong></span> <span class='ocrx_word' id='word_1_249' title='bbox 1063 3286 1189 3364; x_wconf 83' lang='lat' dir='ltr'><strong><em>perieu-</em></strong></span> 
     </span>
    </p>
   </div>
   <div class='ocr_carea' id='block_1_6' title="bbox 169 3370 1311 3451">
    <p class='ocr_par' dir='ltr' id='par_1_7' title="bbox 169 3370 1311 3451">
     <span class='ocr_line' id='line_1_33' title="bbox 169 3370 1311 3451; baseline 0.002 -18"><span class='ocrx_word' id='word_1_250' title='bbox 169 3370 237 3433; x_wconf 90' lang='lat' dir='ltr'><strong><em>lum</em></strong></span> <span class='ocrx_word' id='word_1_251' title='bbox 264 3370 521 3433; x_wconf 75' lang='lat' dir='ltr'><strong><em>bnllucinationise</em></strong></span> <span class='ocrx_word' id='word_1_252' title='bbox 549 3371 618 3432; x_wconf 76' lang='lat' dir='ltr'><strong><em>lices</em></strong></span> <span class='ocrx_word' id='word_1_253' title='bbox 642 3372 788 3451; x_wconf 74' lang='lat' dir='ltr'><strong><em>(inquam)</em></strong></span> <span class='ocrx_word' id='word_1_254' title='bbox 810 3374 913 3451; x_wconf 91' lang='lat' dir='ltr'><strong><em>opinio</em></strong></span> <span class='ocrx_word' id='word_1_255' title='bbox 937 3370 1021 3433; x_wconf 79' lang='lat' dir='ltr'><strong><em>illnia</em></strong></span> <span class='ocrx_word' id='word_1_256' title='bbox 1042 3371 1190 3450; x_wconf 80' lang='lat' dir='ltr'><strong><em>pluribus</em></strong></span> <span class='ocrx_word' id='word_1_257' title='bbox 1310 3414 1311 3419; x_wconf 22' lang='grc' dir='ltr'><strong>κ</strong></span> 
     </span>
    </p>
   </div>
   <div class='ocr_carea' id='block_1_7' title="bbox 171 3452 1188 3537">
    <p class='ocr_par' dir='ltr' id='par_1_8' title="bbox 171 3452 1188 3537">
     <span class='ocr_line' id='line_1_34' title="bbox 171 3452 1188 3537; baseline 0.006 -24"><span class='ocrx_word' id='word_1_258' title='bbox 171 3452 316 3517; x_wconf 81' lang='lat' dir='ltr'><strong><em>habentur</em></strong></span> <span class='ocrx_word' id='word_1_259' title='bbox 342 3465 378 3515; x_wconf 88' lang='lat' dir='ltr'><strong><em>ut</em></strong></span> <span class='ocrx_word' id='word_1_260' title='bbox 399 3454 580 3533; x_wconf 83' lang='lat' dir='ltr'><strong><em>probabilis,</em></strong></span> <span class='ocrx_word' id='word_1_261' title='bbox 602 3473 709 3536; x_wconf 87' lang='lat' dir='ltr'><strong><em>nempe</em></strong></span> <span class='ocrx_word' id='word_1_262' title='bbox 723 3459 810 3534; x_wconf 82' lang='lat' dir='ltr'><strong><em>Sota,</em></strong></span> <span class='ocrx_word' id='word_1_263' title='bbox 837 3456 931 3537; x_wconf 79' lang='lat' dir='ltr'><strong><em>Cajet.</em></strong></span> <span class='ocrx_word' id='word_1_264' title='bbox 951 3453 1035 3537; x_wconf 76' lang='lat' dir='ltr'><strong><em>Spin.</em></strong></span> <span class='ocrx_word' id='word_1_265' title='bbox 1061 3452 1188 3519; x_wconf 79' lang='lat' dir='ltr'><strong><em>Valent.</em></strong></span> 
     </span>
    </p>
   </div>
   <div class='ocr_carea' id='block_1_8' title="bbox 169 3534 1311 3706">
    <p class='ocr_par' dir='ltr' id='par_1_9' title="bbox 169 3534 1311 3706">
     <span class='ocr_line' id='line_1_35' title="bbox 175 3534 1311 3618; baseline 0.006 -20"><span class='ocrx_word' id='word_1_266' title='bbox 175 3537 300 3600; x_wconf 76' lang='lat' dir='ltr'><strong><em>Coeden.</em></strong></span> <span class='ocrx_word' id='word_1_267' title='bbox 312 3545 379 3614; x_wconf 87' lang='lat' dir='ltr'><strong><em>elc.,·</em></strong></span> <span class='ocrx_word' id='word_1_268' title='bbox 390 3548 519 3600; x_wconf 88' lang='lat' dir='ltr'><strong><em>attamen</em></strong></span> <span class='ocrx_word' id='word_1_269' title='bbox 531 3540 628 3618; x_wconf 84' lang='lat' dir='ltr'><strong><em>quoad</em></strong></span> <span class='ocrx_word' id='word_1_270' title='bbox 639 3540 796 3604; x_wconf 87' lang='lat' dir='ltr'><strong><em>lectionem</em></strong></span> <span class='ocrx_word' id='word_1_271' title='bbox 812 3542 960 3603; x_wconf 88' lang='lat' dir='ltr'><strong><em>librorum</em></strong></span> <span class='ocrx_word' id='word_1_272' title='bbox 969 3541 1190 3604; x_wconf 84' lang='lat' dir='ltr'><strong><em>damnatorum</em></strong></span> <span class='ocrx_word' id='word_1_273' title='bbox 1310 3534 1311 3577; x_wconf 70' lang='lat' dir='ltr'><strong><em>t</em></strong></span> 
     </span>
     <span class='ocr_line' id='line_1_36' title="bbox 169 3619 1311 3706; baseline 0.009 -27"><span class='ocrx_word' id='word_1_274' title='bbox 169 3619 296 3682; x_wconf 76' lang='lat' dir='ltr'><strong><em>minimi</em></strong></span> <span class='ocrx_word' id='word_1_275' title='bbox 315 3630 411 3701; x_wconf 86' lang='lat' dir='ltr'><strong><em>potest</em></strong></span> <span class='ocrx_word' id='word_1_276' title='bbox 437 3640 500 3684; x_wconf 88' lang='lat' dir='ltr'><strong><em>esse</em></strong></span> <span class='ocrx_word' id='word_1_277' title='bbox 525 3623 711 3706; x_wconf 83' lang='lat' dir='ltr'><strong><em>probabilis,</em></strong></span> <span class='ocrx_word' id='word_1_278' title='bbox 731 3627 801 3706; x_wconf 85' lang='lat' dir='ltr'><strong><em>quia</em></strong></span> <span class='ocrx_word' id='word_1_279' title='bbox 820 3626 854 3687; x_wconf 91' lang='lat' dir='ltr'><strong><em>in</em></strong></span> <span class='ocrx_word' id='word_1_280' title='bbox 874 3623 932 3687; x_wconf 89' lang='lat' dir='ltr'><strong><em>hac</em></strong></span> <span class='ocrx_word' id='word_1_281' title='bbox 956 3640 991 3687; x_wconf 87' lang='lat' dir='ltr'><strong><em>re</em></strong></span> <span class='ocrx_word' id='word_1_282' title='bbox 1013 3641 1190 3703; x_wconf 85' lang='lat' dir='ltr'><strong><em>numquam</em></strong></span> <span class='ocrx_word' id='word_1_283' title='bbox 1310 3634 1311 3677; x_wconf 63' lang='lat' dir='ltr'><strong><em>t</em></strong></span> 
     </span>
    </p>
   </div>
   <div class='ocr_carea' id='block_1_9' title="bbox 0 0 1326 4150">
    <p class='ocr_par' dir='ltr' id='par_1_10' title="bbox 0 0 1326 4150">
     <span class='ocr_line' id='line_1_37' title="bbox 0 0 1326 4150; baseline 0 1"><span class='ocrx_word' id='word_1_284' title='bbox 0 0 1326 4150; x_wconf 95' lang='lat' dir='ltr'><strong><em> </em></strong></span> 
     </span>
    </p>
   </div>
  </div>
 </body>
</html>
