<?xml version="1.0" encoding="UTF-8"?>
<!DOCTYPE html PUBLIC "-//W3C//DTD XHTML 1.0 Transitional//EN"
    "http://www.w3.org/TR/xhtml1/DTD/xhtml1-transitional.dtd">
<html xmlns="http://www.w3.org/1999/xhtml" xml:lang="en" lang="en">
 <head>
  <title>
</title>
<meta http-equiv="Content-Type" content="text/html;charset=utf-8" />
  <meta name='ocr-system' content='tesseract 3.04.00' />
  <meta name='ocr-capabilities' content='ocr_page ocr_carea ocr_par ocr_line ocrx_word'/>
</head>
<body>
  <div class='ocr_page' id='page_1' title='image "./theologiamorali01heilgoog_0182.png"; bbox 0 0 2642 4150; ppageno 0'>
   <div class='ocr_carea' id='block_1_1' title="bbox 125 187 750 279">
    <p class='ocr_par' dir='ltr' id='par_1_1' title="bbox 125 187 750 279">
     <span class='ocr_line' id='line_1_1' title="bbox 125 187 750 279; baseline -0.014 -19"><span class='ocrx_word' id='word_1_1' title='bbox 125 273 128 279; x_wconf 24' lang='grc' dir='ltr'>Ι</span> <span class='ocrx_word' id='word_1_2' title='bbox 167 198 227 260; x_wconf 83' lang='grc'><strong>171</strong></span> <span class='ocrx_word' id='word_1_3' title='bbox 362 251 370 255; x_wconf 85' lang='grc'><strong>.</strong></span> <span class='ocrx_word' id='word_1_4' title='bbox 592 187 750 274; x_wconf 77' lang='lat' dir='ltr'><strong>Appendin</strong></span> 
     </span>
    </p>
   </div>
   <div class='ocr_carea' id='block_1_2' title="bbox 87 289 1249 3685">
    <p class='ocr_par' dir='ltr' id='par_1_2' title="bbox 87 289 1180 1715">
     <span class='ocr_line' id='line_1_2' title="bbox 165 289 1178 377; baseline 0 -18"><span class='ocrx_word' id='word_1_5' title='bbox 165 296 214 360; x_wconf 86' lang='lat' dir='ltr'><strong>bie</strong></span> <span class='ocrx_word' id='word_1_6' title='bbox 233 302 375 358; x_wconf 83' lang='lat' dir='ltr'><strong>annotare</strong></span> <span class='ocrx_word' id='word_1_7' title='bbox 389 291 480 357; x_wconf 80' lang='lat' dir='ltr'><strong>verba</strong></span> <span class='ocrx_word' id='word_1_8' title='bbox 501 293 591 356; x_wconf 77' lang='lat' dir='ltr'><strong>bullae</strong></span> <span class='ocrx_word' id='word_1_9' title='bbox 610 315 619 353; x_wconf 79' lang='grc'><strong>1</strong></span> <span class='ocrx_word' id='word_1_10' title='bbox 642 289 900 367; x_wconf 72' lang='lat' dir='ltr'><strong>Eumeneticam,</strong></span> <span class='ocrx_word' id='word_1_11' title='bbox 918 295 1009 377; x_wconf 76' lang='lat' dir='ltr'><strong>padre</strong></span> <span class='ocrx_word' id='word_1_12' title='bbox 1027 293 1178 373; x_wconf 69' lang='lat' dir='ltr'><strong>nyctares</strong></span> 
     </span>
     <span class='ocr_line' id='line_1_3' title="bbox 165 377 1179 461; baseline 0.001 -18"><span class='ocrx_word' id='word_1_13' title='bbox 165 380 259 443; x_wconf 83' lang='lat' dir='ltr'><strong>nuliis</strong></span> <span class='ocrx_word' id='word_1_14' title='bbox 277 377 440 461; x_wconf 82' lang='lat' dir='ltr'><strong>priuilepiis</strong></span> <span class='ocrx_word' id='word_1_15' title='bbox 461 377 540 440; x_wconf 77' lang='lat' dir='ltr'><strong>talei</strong></span> <span class='ocrx_word' id='word_1_16' title='bbox 559 396 590 440; x_wconf 87' lang='lat' dir='ltr'><strong>ec</strong></span> <span class='ocrx_word' id='word_1_17' title='bbox 603 380 742 460; x_wconf 71' lang='lat' dir='ltr'><strong>pomini,</strong></span> <span class='ocrx_word' id='word_1_18' title='bbox 760 377 937 459; x_wconf 78' lang='lat' dir='ltr'><strong>pronioris,</strong></span> <span class='ocrx_word' id='word_1_19' title='bbox 956 378 985 438; x_wconf 85' lang='lat' dir='ltr'><strong>si</strong></span> <span class='ocrx_word' id='word_1_20' title='bbox 999 377 1179 458; x_wconf 71' lang='grc' dir='ltr'><strong>11άί11111111</strong></span> 
     </span>
     <span class='ocr_line' id='line_1_4' title="bbox 166 459 1180 545; baseline -0.004 -17"><span class='ocrx_word' id='word_1_21' title='bbox 166 466 244 528; x_wconf 82' lang='lat' dir='ltr'><strong>circo</strong></span> <span class='ocrx_word' id='word_1_22' title='bbox 256 481 397 545; x_wconf 85' lang='lat' dir='ltr'><strong>persorros</strong></span> <span class='ocrx_word' id='word_1_23' title='bbox 412 462 494 525; x_wconf 82' lang='lat' dir='ltr'><strong>intro</strong></span> <span class='ocrx_word' id='word_1_24' title='bbox 510 472 593 545; x_wconf 84' lang='lat' dir='ltr'><strong>septo</strong></span> <span class='ocrx_word' id='word_1_25' title='bbox 606 462 756 542; x_wconf 73' lang='lat' dir='ltr'><strong>depenso,</strong></span> <span class='ocrx_word' id='word_1_26' title='bbox 769 470 825 523; x_wconf 86' lang='lat' dir='ltr'><strong>ont</strong></span> <span class='ocrx_word' id='word_1_27' title='bbox 841 461 918 523; x_wconf 80' lang='lat' dir='ltr'><strong>circo</strong></span> <span class='ocrx_word' id='word_1_28' title='bbox 935 459 1104 524; x_wconf 74' lang='lat' dir='ltr'><strong><em>clausuram</em></strong></span> <span class='ocrx_word' id='word_1_29' title='bbox 1119 483 1180 528; x_wconf 76' lang='lat' dir='ltr'><strong>aro</strong></span> 
     </span>
     <span class='ocr_line' id='line_1_5' title="bbox 166 546 1180 630; baseline 0 -17"><span class='ocrx_word' id='word_1_30' title='bbox 166 546 315 626; x_wconf 83' lang='lat' dir='ltr'><strong>niolinnr,</strong></span> <span class='ocrx_word' id='word_1_31' title='bbox 337 551 426 611; x_wconf 82' lang='lat' dir='ltr'><strong>etiem</strong></span> <span class='ocrx_word' id='word_1_32' title='bbox 445 548 630 629; x_wconf 76' lang='lat' dir='ltr'><strong>sequioribus</strong></span> <span class='ocrx_word' id='word_1_33' title='bbox 644 548 860 630; x_wconf 75' lang='lat' dir='ltr'><strong>subjectorum,</strong></span> <span class='ocrx_word' id='word_1_34' title='bbox 874 548 912 610; x_wconf 89' lang='lat' dir='ltr'><strong>ob</strong></span> <span class='ocrx_word' id='word_1_35' title='bbox 926 548 1088 629; x_wconf 86' lang='lat' dir='ltr'><strong>Episcopo,</strong></span> <span class='ocrx_word' id='word_1_36' title='bbox 1099 559 1180 613; x_wconf 82' lang='lat' dir='ltr'><strong>tom·</strong></span> 
     </span>
     <span class='ocr_line' id='line_1_6' title="bbox 166 627 1180 719; baseline 0 -21"><span class='ocrx_word' id='word_1_37' title='bbox 166 655 257 719; x_wconf 87' lang='lat' dir='ltr'><strong>qrrone</strong></span> <span class='ocrx_word' id='word_1_38' title='bbox 278 634 319 697; x_wconf 87' lang='lat' dir='ltr'><strong>od</strong></span> <span class='ocrx_word' id='word_1_39' title='bbox 342 634 395 695; x_wconf 79' lang='lat' dir='ltr'><strong>leoc</strong></span> <span class='ocrx_word' id='word_1_40' title='bbox 412 634 496 696; x_wconf 83' lang='lat' dir='ltr'><strong>Sedis</strong></span> <span class='ocrx_word' id='word_1_41' title='bbox 516 631 682 715; x_wconf 77' lang='lat' dir='ltr'><strong>apostolice</strong></span> <span class='ocrx_word' id='word_1_42' title='bbox 704 627 851 713; x_wconf 73' lang='grc'><strong>(11119111,</strong></span> <span class='ocrx_word' id='word_1_43' title='bbox 873 634 1001 714; x_wconf 83' lang='lat' dir='ltr'><strong>puniri,</strong></span> <span class='ocrx_word' id='word_1_44' title='bbox 1021 642 1049 694; x_wconf 91' lang='lat' dir='ltr'><strong>et</strong></span> <span class='ocrx_word' id='word_1_45' title='bbox 1069 637 1180 718; x_wconf 79' lang='lat' dir='ltr'><strong>corripi</strong></span> 
     </span>
     <span class='ocr_line' id='line_1_7' title="bbox 166 715 1179 799; baseline 0 -17"><span class='ocrx_word' id='word_1_46' title='bbox 166 718 296 794; x_wconf 72' lang='lat' dir='ltr'><strong>caleant.</strong></span> <span class='ocrx_word' id='word_1_47' title='bbox 324 720 395 783; x_wconf 84' lang='lat' dir='ltr'><strong>Vide</strong></span> <span class='ocrx_word' id='word_1_48' title='bbox 418 719 586 782; x_wconf 84' lang='lat' dir='ltr'><strong>Borbosorn</strong></span> <span class='ocrx_word' id='word_1_49' title='bbox 610 719 645 780; x_wconf 89' lang='lat' dir='ltr'><strong>de</strong></span> <span class='ocrx_word' id='word_1_50' title='bbox 670 726 731 797; x_wconf 85' lang='lat' dir='ltr'><strong>pot.</strong></span> <span class='ocrx_word' id='word_1_51' title='bbox 755 719 857 799; x_wconf 82' lang='lat' dir='ltr'><strong>Epist.</strong></span> <span class='ocrx_word' id='word_1_52' title='bbox 878 715 931 779; x_wconf 87' lang='lat' dir='ltr'><strong>cll.</strong></span> <span class='ocrx_word' id='word_1_53' title='bbox 955 721 1023 779; x_wconf 70' lang='lat'><strong>102.</strong></span> <span class='ocrx_word' id='word_1_54' title='bbox 1045 738 1078 780; x_wconf 86' lang='lat' dir='ltr'><strong>n.</strong></span> <span class='ocrx_word' id='word_1_55' title='bbox 1099 724 1129 782; x_wconf 84' lang='lat'><strong>7.</strong></span> <span class='ocrx_word' id='word_1_56' title='bbox 1149 729 1179 781; x_wconf 82' lang='lat' dir='ltr'><strong>et</strong></span> 
     </span>
     <span class='ocr_line' id='line_1_8' title="bbox 166 804 1178 887; baseline 0 -19"><span class='ocrx_word' id='word_1_57' title='bbox 166 804 259 869; x_wconf 82' lang='lat' dir='ltr'><strong>Solen.</strong></span> <span class='ocrx_word' id='word_1_58' title='bbox 276 815 314 867; x_wconf 85' lang='lat' dir='ltr'><strong>tr.</strong></span> <span class='ocrx_word' id='word_1_59' title='bbox 331 808 379 867; x_wconf 98' lang='grc'><strong>18.</strong></span> <span class='ocrx_word' id='word_1_60' title='bbox 397 825 422 866; x_wconf 93' lang='lat' dir='ltr'><strong>c.</strong></span> <span class='ocrx_word' id='word_1_61' title='bbox 438 805 466 867; x_wconf 91' lang='grc'><strong>5.</strong></span> <span class='ocrx_word' id='word_1_62' title='bbox 488 826 522 887; x_wconf 86' lang='lat' dir='ltr'><strong>p.</strong></span> <span class='ocrx_word' id='word_1_63' title='bbox 543 809 573 866; x_wconf 92' lang='grc'><strong>1.</strong></span> <span class='ocrx_word' id='word_1_64' title='bbox 591 805 616 885; x_wconf 66' lang='lat' dir='ltr'><strong>S.</strong></span> <span class='ocrx_word' id='word_1_65' title='bbox 634 804 878 866; x_wconf 71' lang='grc'><strong>1111571151.</strong></span> <span class='ocrx_word' id='word_1_66' title='bbox 895 808 932 866; x_wconf 89' lang='lat' dir='ltr'><strong>Et</strong></span> <span class='ocrx_word' id='word_1_67' title='bbox 952 806 1064 867; x_wconf 89' lang='lat' dir='ltr'><strong>ibidem</strong></span> <span class='ocrx_word' id='word_1_68' title='bbox 1085 808 1178 868; x_wconf 85' lang='lat' dir='ltr'><strong>relert</strong></span> 
     </span>
     <span class='ocr_line' id='line_1_9' title="bbox 168 890 1178 969; baseline -0.001 -16"><span class='ocrx_word' id='word_1_69' title='bbox 168 890 303 954; x_wconf 84' lang='lat' dir='ltr'><strong>Borbosa</strong></span> <span class='ocrx_word' id='word_1_70' title='bbox 324 891 477 952; x_wconf 88' lang='lat' dir='ltr'><strong>decretum</strong></span> <span class='ocrx_word' id='word_1_71' title='bbox 498 892 649 969; x_wconf 77' lang='lat' dir='ltr'><strong>quoddam</strong></span> <span class='ocrx_word' id='word_1_72' title='bbox 670 908 758 950; x_wconf 82' lang='lat' dir='ltr'><strong>sacrae</strong></span> <span class='ocrx_word' id='word_1_73' title='bbox 772 890 1033 969; x_wconf 78' lang='lat' dir='ltr'><strong>congregationis,</strong></span> <span class='ocrx_word' id='word_1_74' title='bbox 1049 891 1100 951; x_wconf 91' lang='lat' dir='ltr'><strong>ubi</strong></span> <span class='ocrx_word' id='word_1_75' title='bbox 1119 900 1178 952; x_wconf 88' lang='lat' dir='ltr'><strong>sta·</strong></span> 
     </span>
     <span class='ocr_line' id='line_1_10' title="bbox 87 975 1175 1055; baseline 0 -18"><span class='ocrx_word' id='word_1_76' title='bbox 87 1021 89 1026; x_wconf 85' lang='lat'>-</span> <span class='ocrx_word' id='word_1_77' title='bbox 167 978 284 1049; x_wconf 82' lang='lat' dir='ltr'><strong>coitur,</strong></span> <span class='ocrx_word' id='word_1_78' title='bbox 309 976 389 1055; x_wconf 86' lang='lat' dir='ltr'><strong>qudd</strong></span> <span class='ocrx_word' id='word_1_79' title='bbox 421 975 586 1037; x_wconf 79' lang='lat' dir='ltr'><strong>nullimode</strong></span> <span class='ocrx_word' id='word_1_80' title='bbox 613 976 727 1055; x_wconf 76' lang='lat' dir='ltr'><strong>possint</strong></span> <span class='ocrx_word' id='word_1_81' title='bbox 756 976 894 1053; x_wconf 90' lang='lat' dir='ltr'><strong>impediri</strong></span> <span class='ocrx_word' id='word_1_82' title='bbox 918 976 1076 1054; x_wconf 75' lang='lat' dir='ltr'>Episcopi,</span> <span class='ocrx_word' id='word_1_83' title='bbox 1103 979 1175 1055; x_wconf 91' lang='lat' dir='ltr'><strong>quin</strong></span> 
     </span>
     <span class='ocr_line' id='line_1_11' title="bbox 167 1058 1175 1140; baseline 0.002 -20"><span class='ocrx_word' id='word_1_84' title='bbox 167 1061 286 1121; x_wconf 82' lang='lat' dir='ltr'><strong>visitent</strong></span> <span class='ocrx_word' id='word_1_85' title='bbox 298 1061 476 1123; x_wconf 87' lang='lat' dir='ltr'><strong>monasterio</strong></span> <span class='ocrx_word' id='word_1_86' title='bbox 491 1068 646 1139; x_wconf 83' lang='lat' dir='ltr'><strong>exempta,</strong></span> <span class='ocrx_word' id='word_1_87' title='bbox 667 1068 698 1120; x_wconf 95' lang='lat' dir='ltr'><strong>et</strong></span> <span class='ocrx_word' id='word_1_88' title='bbox 718 1059 912 1137; x_wconf 79' lang='lat' dir='ltr'><strong>Regularibos</strong></span> <span class='ocrx_word' id='word_1_89' title='bbox 929 1058 1060 1136; x_wconf 86' lang='lat' dir='ltr'><strong>subjecta</strong></span> <span class='ocrx_word' id='word_1_90' title='bbox 1078 1062 1175 1140; x_wconf 87' lang='lat' dir='ltr'><strong>quoad</strong></span> 
     </span>
     <span class='ocr_line' id='line_1_12' title="bbox 167 1144 1177 1222; baseline -0.001 -15"><span class='ocrx_word' id='word_1_91' title='bbox 167 1144 384 1207; x_wconf 76' lang='lat' dir='ltr'><strong>observantiam</strong></span> <span class='ocrx_word' id='word_1_92' title='bbox 410 1147 578 1217; x_wconf 83' lang='lat' dir='ltr'><strong>clausurae,</strong></span> <span class='ocrx_word' id='word_1_93' title='bbox 602 1153 633 1206; x_wconf 90' lang='lat' dir='ltr'><strong>et</strong></span> <span class='ocrx_word' id='word_1_94' title='bbox 660 1145 714 1222; x_wconf 92' lang='lat' dir='ltr'><strong>qui</strong></span> <span class='ocrx_word' id='word_1_95' title='bbox 740 1145 893 1221; x_wconf 76' lang='lat' dir='ltr'><strong>presumit</strong></span> <span class='ocrx_word' id='word_1_96' title='bbox 920 1144 1086 1221; x_wconf 86' lang='lat' dir='ltr'><strong>impedire,</strong></span> <span class='ocrx_word' id='word_1_97' title='bbox 1110 1155 1177 1222; x_wconf 90' lang='lat' dir='ltr'><strong>post</strong></span> 
     </span>
     <span class='ocr_line' id='line_1_13' title="bbox 169 1229 1178 1307; baseline 0.001 -17"><span class='ocrx_word' id='word_1_98' title='bbox 169 1232 285 1291; x_wconf 88' lang='lat' dir='ltr'><strong>tertiam</strong></span> <span class='ocrx_word' id='word_1_99' title='bbox 303 1232 499 1292; x_wconf 89' lang='lat' dir='ltr'><strong>monitionem</strong></span> <span class='ocrx_word' id='word_1_100' title='bbox 518 1231 649 1291; x_wconf 87' lang='lat' dir='ltr'><strong>incurrat</strong></span> <span class='ocrx_word' id='word_1_101' title='bbox 664 1229 996 1290; x_wconf 81' lang='lat' dir='ltr'><strong>excommunicationem</strong></span> <span class='ocrx_word' id='word_1_102' title='bbox 1020 1230 1082 1307; x_wconf 90' lang='lat' dir='ltr'><strong>ipso</strong></span> <span class='ocrx_word' id='word_1_103' title='bbox 1098 1232 1178 1291; x_wconf 85' lang='lat' dir='ltr'><strong>sacto</strong></span> 
     </span>
     <span class='ocr_line' id='line_1_14' title="bbox 168 1310 1173 1386; baseline -0.003 -12"><span class='ocrx_word' id='word_1_104' title='bbox 168 1331 205 1375; x_wconf 82' lang='lat' dir='ltr'><strong>ex</strong></span> <span class='ocrx_word' id='word_1_105' title='bbox 216 1315 308 1376; x_wconf 83' lang='lat' dir='ltr'><strong>Clem.</strong></span> <span class='ocrx_word' id='word_1_106' title='bbox 323 1314 526 1386; x_wconf 75' lang='lat' dir='ltr'><strong>attendentes,</strong></span> <span class='ocrx_word' id='word_1_107' title='bbox 540 1313 574 1375; x_wconf 90' lang='lat' dir='ltr'><strong>de</strong></span> <span class='ocrx_word' id='word_1_108' title='bbox 587 1321 670 1375; x_wconf 81' lang='lat' dir='ltr'><strong>stota</strong></span> <span class='ocrx_word' id='word_1_109' title='bbox 682 1331 761 1374; x_wconf 85' lang='lat' dir='ltr'><strong>more.</strong></span> <span class='ocrx_word' id='word_1_110' title='bbox 775 1312 846 1376; x_wconf 84' lang='lat' dir='ltr'><strong>Vide</strong></span> <span class='ocrx_word' id='word_1_111' title='bbox 860 1312 895 1374; x_wconf 87' lang='lat' dir='ltr'><strong>de</strong></span> <span class='ocrx_word' id='word_1_112' title='bbox 906 1310 990 1374; x_wconf 76' lang='lat' dir='ltr'><strong>Ales.</strong></span> <span class='ocrx_word' id='word_1_113' title='bbox 1003 1311 1036 1373; x_wconf 88' lang='lat' dir='ltr'><strong>de</strong></span> <span class='ocrx_word' id='word_1_114' title='bbox 1046 1311 1173 1373; x_wconf 77' lang='lat' dir='ltr'><strong>marrini.</strong></span> 
     </span>
     <span class='ocr_line' id='line_1_15' title="bbox 168 1396 1176 1481; baseline -0.002 -21"><span class='ocrx_word' id='word_1_115' title='bbox 168 1417 195 1460; x_wconf 89' lang='lat' dir='ltr'><strong>c.</strong></span> <span class='ocrx_word' id='word_1_116' title='bbox 213 1402 242 1461; x_wconf 82' lang='lat'><strong>6.</strong></span> <span class='ocrx_word' id='word_1_117' title='bbox 253 1419 285 1461; x_wconf 88' lang='lat' dir='ltr'><strong>n.</strong></span> <span class='ocrx_word' id='word_1_118' title='bbox 301 1403 331 1462; x_wconf 84' lang='grc'><strong>1.</strong></span> <span class='ocrx_word' id='word_1_119' title='bbox 346 1417 398 1481; x_wconf 85' lang='lat' dir='ltr'><strong>qu.</strong></span> <span class='ocrx_word' id='word_1_120' title='bbox 413 1402 442 1461; x_wconf 98' lang='grc'><strong>5.</strong></span> <span class='ocrx_word' id='word_1_121' title='bbox 458 1402 600 1460; x_wconf 83' lang='lat' dir='ltr'><strong>Praeterea</strong></span> <span class='ocrx_word' id='word_1_122' title='bbox 612 1398 669 1459; x_wconf 92' lang='lat' dir='ltr'><strong>boe</strong></span> <span class='ocrx_word' id='word_1_123' title='bbox 683 1399 713 1458; x_wconf 91' lang='lat' dir='ltr'><strong>in</strong></span> <span class='ocrx_word' id='word_1_124' title='bbox 725 1399 789 1459; x_wconf 88' lang='lat' dir='ltr'><strong>loeo</strong></span> <span class='ocrx_word' id='word_1_125' title='bbox 801 1398 1002 1459; x_wconf 87' lang='lat' dir='ltr'><strong>adnotandum</strong></span> <span class='ocrx_word' id='word_1_126' title='bbox 1016 1406 1076 1467; x_wconf 80' lang='lat' dir='ltr'><strong>est,</strong></span> <span class='ocrx_word' id='word_1_127' title='bbox 1091 1396 1176 1475; x_wconf 86' lang='lat' dir='ltr'><strong>qood</strong></span> 
     </span>
     <span class='ocr_line' id='line_1_16' title="bbox 170 1483 1178 1563; baseline 0 -18"><span class='ocrx_word' id='word_1_128' title='bbox 170 1483 261 1547; x_wconf 76' lang='lat' dir='ltr'><strong>Eleon.</strong></span> <span class='ocrx_word' id='word_1_129' title='bbox 277 1489 342 1560; x_wconf 73' lang='lat' dir='ltr'><strong>X..</strong></span> <span class='ocrx_word' id='word_1_130' title='bbox 362 1496 393 1548; x_wconf 92' lang='lat' dir='ltr'><strong>et</strong></span> <span class='ocrx_word' id='word_1_131' title='bbox 414 1484 555 1547; x_wconf 85' lang='lat' dir='ltr'><strong>Clemens.</strong></span> <span class='ocrx_word' id='word_1_132' title='bbox 576 1487 655 1546; x_wconf 83' lang='grc' dir='ltr'><strong>ΧΠ.</strong></span> <span class='ocrx_word' id='word_1_133' title='bbox 675 1494 900 1563; x_wconf 88' lang='lat' dir='ltr'><strong>praeceperunt,</strong></span> <span class='ocrx_word' id='word_1_134' title='bbox 917 1495 951 1545; x_wconf 90' lang='grc'><strong>11</strong></span> <span class='ocrx_word' id='word_1_135' title='bbox 970 1485 1178 1545; x_wconf 78' lang='lat' dir='ltr'><strong>observaretur</strong></span> 
     </span>
     <span class='ocr_line' id='line_1_17' title="bbox 169 1567 1180 1652; baseline -0.001 -22"><span class='ocrx_word' id='word_1_136' title='bbox 169 1568 249 1630; x_wconf 87' lang='lat' dir='ltr'><strong>bulla</strong></span> <span class='ocrx_word' id='word_1_137' title='bbox 270 1571 404 1651; x_wconf 78' lang='lat' dir='ltr'><strong>Greporii</strong></span> <span class='ocrx_word' id='word_1_138' title='bbox 414 1571 449 1634; x_wconf 83' lang='grc' dir='ltr'><em>Χ</em></span> <span class='ocrx_word' id='word_1_139' title='bbox 452 1571 488 1633; x_wconf 78' lang='lat' dir='ltr'><strong>t&#39;.</strong></span> <span class='ocrx_word' id='word_1_140' title='bbox 508 1587 570 1632; x_wconf 79' lang='lat' dir='ltr'><strong>reon</strong></span> <span class='ocrx_word' id='word_1_141' title='bbox 585 1567 720 1632; x_wconf 83' lang='lat' dir='ltr'><strong>obstante</strong></span> <span class='ocrx_word' id='word_1_142' title='bbox 740 1576 924 1652; x_wconf 80' lang='lat' dir='ltr'><strong>qudcumque</strong></span> <span class='ocrx_word' id='word_1_143' title='bbox 940 1569 1092 1631; x_wconf 81' lang='lat' dir='ltr'><strong>coatrnrid</strong></span> <span class='ocrx_word' id='word_1_144' title='bbox 1109 1586 1180 1630; x_wconf 85' lang='lat' dir='ltr'><strong>eoa·</strong></span> 
     </span>
     <span class='ocr_line' id='line_1_18' title="bbox 170 1653 1006 1715; baseline 0.008 -1"><span class='ocrx_word' id='word_1_145' title='bbox 170 1653 334 1715; x_wconf 78' lang='lat' dir='ltr'><strong>suetudine.</strong></span> <span class='ocrx_word' id='word_1_146' title='bbox 1000 1663 1006 1670; x_wconf 91' lang='lat'>&#39;</span> 
     </span>
    </p>

    <p class='ocr_par' dir='ltr' id='par_1_3' title="bbox 169 1737 1181 2754">
     <span class='ocr_line' id='line_1_19' title="bbox 207 1737 1180 1819; baseline 0.002 -22"><span class='ocrx_word' id='word_1_147' title='bbox 207 1739 256 1798; x_wconf 90' lang='grc'><strong>81.</strong></span> <span class='ocrx_word' id='word_1_148' title='bbox 275 1772 314 1783; x_wconf 90' lang='lat'><em>-</em></span> <span class='ocrx_word' id='word_1_149' title='bbox 326 1737 474 1809; x_wconf 76' lang='lat' dir='ltr'><strong>Queritar</strong></span> <span class='ocrx_word' id='word_1_150' title='bbox 488 1738 518 1798; x_wconf 85' lang='grc'><strong>1.</strong></span> <span class='ocrx_word' id='word_1_151' title='bbox 535 1737 642 1799; x_wconf 82' lang='lat' dir='ltr'><strong>[iterim</strong></span> <span class='ocrx_word' id='word_1_152' title='bbox 658 1740 794 1818; x_wconf 83' lang='lat' dir='ltr'><strong>Episcopi</strong></span> <span class='ocrx_word' id='word_1_153' title='bbox 814 1741 930 1819; x_wconf 76' lang='lat' dir='ltr'><strong>exigere</strong></span> <span class='ocrx_word' id='word_1_154' title='bbox 940 1747 1050 1817; x_wconf 87' lang='lat' dir='ltr'><strong>queant</strong></span> <span class='ocrx_word' id='word_1_155' title='bbox 1061 1739 1078 1799; x_wconf 84' lang='grc'><strong>1</strong></span> <span class='ocrx_word' id='word_1_156' title='bbox 1090 1757 1180 1817; x_wconf 85' lang='lat' dir='ltr'><strong>regu·</strong></span> 
     </span>
     <span class='ocr_line' id='line_1_20' title="bbox 169 1821 1177 1893; baseline 0 -11"><span class='ocrx_word' id='word_1_157' title='bbox 169 1821 279 1883; x_wconf 83' lang='lat' dir='ltr'><strong>laribus</strong></span> <span class='ocrx_word' id='word_1_158' title='bbox 300 1824 444 1883; x_wconf 88' lang='lat' dir='ltr'><strong>rationem</strong></span> <span class='ocrx_word' id='word_1_159' title='bbox 464 1823 644 1884; x_wconf 88' lang='lat' dir='ltr'><strong>haereditatis</strong></span> <span class='ocrx_word' id='word_1_160' title='bbox 665 1824 775 1883; x_wconf 76' lang='lat' dir='ltr'><strong>relictae</strong></span> <span class='ocrx_word' id='word_1_161' title='bbox 798 1843 866 1884; x_wconf 90' lang='lat' dir='ltr'><strong>cum</strong></span> <span class='ocrx_word' id='word_1_162' title='bbox 891 1842 980 1885; x_wconf 85' lang='lat' dir='ltr'><strong>onere</strong></span> <span class='ocrx_word' id='word_1_163' title='bbox 999 1825 1177 1893; x_wconf 86' lang='lat' dir='ltr'><strong>missarum,</strong></span> 
     </span>
     <span class='ocr_line' id='line_1_21' title="bbox 169 1907 1176 1987; baseline 0.001 -20"><span class='ocrx_word' id='word_1_164' title='bbox 169 1915 222 1967; x_wconf 88' lang='lat' dir='ltr'><strong>eut</strong></span> <span class='ocrx_word' id='word_1_165' title='bbox 234 1908 397 1987; x_wconf 77' lang='lat' dir='ltr'><strong>legatorum</strong></span> <span class='ocrx_word' id='word_1_166' title='bbox 410 1908 681 1968; x_wconf 86' lang='lat' dir='ltr'><strong>satisfaciendornm</strong></span> <span class='ocrx_word' id='word_1_167' title='bbox 695 1909 902 1968; x_wconf 86' lang='lat' dir='ltr'><strong>saecularibus?</strong></span> <span class='ocrx_word' id='word_1_168' title='bbox 913 1907 1059 1969; x_wconf 87' lang='lat' dir='ltr'><strong>Videntur</strong></span> <span class='ocrx_word' id='word_1_169' title='bbox 1072 1926 1176 1985; x_wconf 77' lang='lat' dir='ltr'><strong>posse,</strong></span> 
     </span>
     <span class='ocr_line' id='line_1_22' title="bbox 171 1992 1180 2071; baseline -0.001 -20"><span class='ocrx_word' id='word_1_170' title='bbox 171 2008 208 2052; x_wconf 83' lang='lat' dir='ltr'><strong>ex</strong></span> <span class='ocrx_word' id='word_1_171' title='bbox 229 2010 285 2064; x_wconf 88' lang='lat' dir='ltr'><strong>eo,</strong></span> <span class='ocrx_word' id='word_1_172' title='bbox 307 1992 387 2071; x_wconf 91' lang='lat' dir='ltr'><strong>quod</strong></span> <span class='ocrx_word' id='word_1_173' title='bbox 406 1993 522 2053; x_wconf 87' lang='lat' dir='ltr'><strong>eruitur</strong></span> <span class='ocrx_word' id='word_1_174' title='bbox 541 2010 577 2054; x_wconf 78' lang='lat' dir='ltr'><strong>er</strong></span> <span class='ocrx_word' id='word_1_175' title='bbox 595 1993 771 2054; x_wconf 85' lang='lat' dir='ltr'><strong>Tridentino</strong></span> <span class='ocrx_word' id='word_1_176' title='bbox 789 2010 860 2055; x_wconf 84' lang='lat' dir='ltr'><strong>sess.</strong></span> <span class='ocrx_word' id='word_1_177' title='bbox 874 1994 923 2053; x_wconf 74' lang='grc'><strong>12.</strong></span> <span class='ocrx_word' id='word_1_178' title='bbox 938 2011 963 2054; x_wconf 90' lang='lat' dir='ltr'><strong>e.</strong></span> <span class='ocrx_word' id='word_1_179' title='bbox 980 1994 1011 2053; x_wconf 89' lang='grc'><strong>8.</strong></span> <span class='ocrx_word' id='word_1_180' title='bbox 1028 1992 1079 2051; x_wconf 91' lang='lat' dir='ltr'><strong>ubi</strong></span> <span class='ocrx_word' id='word_1_181' title='bbox 1101 2011 1180 2070; x_wconf 81' lang='lat' dir='ltr'><strong>prce-</strong></span> 
     </span>
     <span class='ocr_line' id='line_1_23' title="bbox 172 2076 1181 2157; baseline 0.001 -18"><span class='ocrx_word' id='word_1_182' title='bbox 172 2077 260 2139; x_wconf 91' lang='lat' dir='ltr'><strong>betur</strong></span> <span class='ocrx_word' id='word_1_183' title='bbox 280 2078 430 2156; x_wconf 89' lang='lat' dir='ltr'><strong>Episcopis</strong></span> <span class='ocrx_word' id='word_1_184' title='bbox 448 2087 573 2155; x_wconf 91' lang='lat' dir='ltr'><strong>potestas</strong></span> <span class='ocrx_word' id='word_1_185' title='bbox 590 2077 729 2139; x_wconf 77' lang='lat' dir='ltr'><strong>visitandi</strong></span> <span class='ocrx_word' id='word_1_186' title='bbox 751 2080 850 2139; x_wconf 87' lang='lat' dir='ltr'><strong>omnia</strong></span> <span class='ocrx_word' id='word_1_187' title='bbox 869 2081 962 2157; x_wconf 80' lang='lat' dir='ltr'><strong>iegato</strong></span> <span class='ocrx_word' id='word_1_188' title='bbox 976 2079 1023 2157; x_wconf 89' lang='lat' dir='ltr'><strong>pia</strong></span> <span class='ocrx_word' id='word_1_189' title='bbox 1035 2122 1043 2149; x_wconf 89' lang='lat'>‚</span> <span class='ocrx_word' id='word_1_190' title='bbox 1056 2094 1118 2138; x_wconf 86' lang='lat' dir='ltr'><strong>noa</strong></span> <span class='ocrx_word' id='word_1_191' title='bbox 1133 2076 1181 2140; x_wconf 84' lang='lat' dir='ltr'><strong>ob-</strong></span> 
     </span>
     <span class='ocr_line' id='line_1_24' title="bbox 171 2161 1177 2244; baseline 0.001 -21"><span class='ocrx_word' id='word_1_192' title='bbox 171 2170 267 2224; x_wconf 82' lang='lat' dir='ltr'><strong>stante</strong></span> <span class='ocrx_word' id='word_1_193' title='bbox 285 2180 465 2244; x_wconf 86' lang='lat' dir='ltr'><strong>quoeurnque</strong></span> <span class='ocrx_word' id='word_1_194' title='bbox 481 2161 634 2244; x_wconf 84' lang='lat' dir='ltr'><strong>privilepio</strong></span> <span class='ocrx_word' id='word_1_195' title='bbox 647 2164 682 2224; x_wconf 85' lang='lat' dir='ltr'><strong>in</strong></span> <span class='ocrx_word' id='word_1_196' title='bbox 694 2164 886 2226; x_wconf 81' lang='lat' dir='ltr'><strong>eontrarium.</strong></span> <span class='ocrx_word' id='word_1_197' title='bbox 900 2167 936 2224; x_wconf 91' lang='lat' dir='ltr'><strong>Et</strong></span> <span class='ocrx_word' id='word_1_198' title='bbox 949 2164 1052 2224; x_wconf 89' lang='lat' dir='ltr'><strong>dieunt</strong></span> <span class='ocrx_word' id='word_1_199' title='bbox 1061 2162 1154 2224; x_wconf 83' lang='lat' dir='ltr'><strong>Solen.</strong></span> <span class='ocrx_word' id='word_1_200' title='bbox 1167 2208 1177 2235; x_wconf 90' lang='lat'><strong>‚</strong></span> 
     </span>
     <span class='ocr_line' id='line_1_25' title="bbox 172 2245 1180 2328; baseline 0.004 -22"><span class='ocrx_word' id='word_1_201' title='bbox 172 2247 252 2324; x_wconf 81' lang='lat' dir='ltr'><strong>quod</strong></span> <span class='ocrx_word' id='word_1_202' title='bbox 274 2267 309 2307; x_wconf 82' lang='lat' dir='ltr'><strong>ex</strong></span> <span class='ocrx_word' id='word_1_203' title='bbox 333 2247 389 2307; x_wconf 92' lang='lat' dir='ltr'><strong>boc</strong></span> <span class='ocrx_word' id='word_1_204' title='bbox 406 2245 485 2309; x_wconf 72' lang='lat' dir='ltr'><strong>recte</strong></span> <span class='ocrx_word' id='word_1_205' title='bbox 505 2251 648 2308; x_wconf 84' lang='lat' dir='ltr'><strong>sententia</strong></span> <span class='ocrx_word' id='word_1_206' title='bbox 668 2251 722 2308; x_wconf 89' lang='lat' dir='ltr'><strong>ista</strong></span> <span class='ocrx_word' id='word_1_207' title='bbox 744 2250 918 2310; x_wconf 87' lang='lat' dir='ltr'><strong>redderetur</strong></span> <span class='ocrx_word' id='word_1_208' title='bbox 933 2249 1102 2328; x_wconf 86' lang='lat' dir='ltr'><strong>probabilis.</strong></span> <span class='ocrx_word' id='word_1_209' title='bbox 1118 2249 1180 2310; x_wconf 80' lang='lat' dir='ltr'><strong>Sed</strong></span> 
     </span>
     <span class='ocr_line' id='line_1_26' title="bbox 172 2331 1180 2413; baseline 0.003 -23"><span class='ocrx_word' id='word_1_210' title='bbox 172 2331 227 2410; x_wconf 90' lang='lat' dir='ltr'><strong>ipsi</strong></span> <span class='ocrx_word' id='word_1_211' title='bbox 248 2331 402 2395; x_wconf 76' lang='lat' dir='ltr'><strong>deindeid</strong></span> <span class='ocrx_word' id='word_1_212' title='bbox 424 2342 531 2409; x_wconf 82' lang='lat' dir='ltr'><strong>negant</strong></span> <span class='ocrx_word' id='word_1_213' title='bbox 552 2333 592 2393; x_wconf 93' lang='lat' dir='ltr'><strong>ob</strong></span> <span class='ocrx_word' id='word_1_214' title='bbox 613 2335 707 2393; x_wconf 85' lang='grc'><strong>111111</strong></span> <span class='ocrx_word' id='word_1_215' title='bbox 728 2336 881 2413; x_wconf 83' lang='lat' dir='ltr'><strong>privilegia</strong></span> <span class='ocrx_word' id='word_1_216' title='bbox 900 2335 1084 2412; x_wconf 82' lang='lat' dir='ltr'><strong>regularibus</strong></span> <span class='ocrx_word' id='word_1_217' title='bbox 1104 2352 1180 2393; x_wconf 89' lang='lat' dir='ltr'><strong>eon·</strong></span> 
     </span>
     <span class='ocr_line' id='line_1_27' title="bbox 171 2415 1178 2497; baseline 0.005 -22"><span class='ocrx_word' id='word_1_218' title='bbox 171 2432 267 2487; x_wconf 84' lang='lat' dir='ltr'><strong>cessa,</strong></span> <span class='ocrx_word' id='word_1_219' title='bbox 280 2417 442 2496; x_wconf 86' lang='lat' dir='ltr'><strong>praesertim</strong></span> <span class='ocrx_word' id='word_1_220' title='bbox 455 2415 606 2495; x_wconf 85' lang='lat' dir='ltr'><strong>perPt&#39;une</strong></span> <span class='ocrx_word' id='word_1_221' title='bbox 621 2420 656 2480; x_wconf 85' lang='lat' dir='ltr'><strong>V.</strong></span> <span class='ocrx_word' id='word_1_222' title='bbox 668 2421 715 2490; x_wconf 92' lang='lat' dir='ltr'><strong>‚in</strong></span> <span class='ocrx_word' id='word_1_223' title='bbox 729 2420 836 2497; x_wconf 86' lang='lat' dir='ltr'><strong>quibus</strong></span> <span class='ocrx_word' id='word_1_224' title='bbox 846 2420 1031 2479; x_wconf 79' lang='lat' dir='ltr'><strong>declarantur</strong></span> <span class='ocrx_word' id='word_1_225' title='bbox 1040 2427 1178 2496; x_wconf 76' lang='lat' dir='ltr'><strong>exempta</strong></span> 
     </span>
     <span class='ocr_line' id='line_1_28' title="bbox 171 2499 1178 2581; baseline 0.005 -22"><span class='ocrx_word' id='word_1_226' title='bbox 171 2502 378 2579; x_wconf 79' lang='lat' dir='ltr'><strong>religiosorum</strong></span> <span class='ocrx_word' id='word_1_227' title='bbox 399 2501 475 2560; x_wconf 87' lang='lat' dir='ltr'><strong>bona</strong></span> <span class='ocrx_word' id='word_1_228' title='bbox 494 2499 712 2580; x_wconf 72' lang='lat' dir='ltr'><strong>aquarumque</strong></span> <span class='ocrx_word' id='word_1_229' title='bbox 727 2504 859 2581; x_wconf 80' lang='lat' dir='ltr'><strong>Episcopi</strong></span> <span class='ocrx_word' id='word_1_230' title='bbox 877 2502 1098 2580; x_wconf 82' lang='lat' dir='ltr'><strong>jurisdictione,</strong></span> <span class='ocrx_word' id='word_1_231' title='bbox 1114 2521 1178 2564; x_wconf 90' lang='lat' dir='ltr'><strong>non</strong></span> 
     </span>
     <span class='ocr_line' id='line_1_29' title="bbox 171 2577 1180 2668; baseline 0.003 -21"><span class='ocrx_word' id='word_1_232' title='bbox 171 2585 356 2647; x_wconf 85' lang='lat' dir='ltr'><strong>obstantibus</strong></span> <span class='ocrx_word' id='word_1_233' title='bbox 382 2577 617 2664; x_wconf 85' lang='lat' dir='ltr'><strong>quibuscumque</strong></span> <span class='ocrx_word' id='word_1_234' title='bbox 639 2588 904 2648; x_wconf 87' lang='lat' dir='ltr'><strong>Constitutionibus</strong></span> <span class='ocrx_word' id='word_1_235' title='bbox 929 2587 1116 2668; x_wconf 86' lang='lat' dir='ltr'><strong>apostolicis,</strong></span> <span class='ocrx_word' id='word_1_236' title='bbox 1144 2598 1180 2650; x_wconf 80' lang='lat' dir='ltr'><strong>et</strong></span> 
     </span>
     <span class='ocr_line' id='line_1_30' title="bbox 172 2666 1057 2754; baseline -0.002 -21"><span class='ocrx_word' id='word_1_237' title='bbox 172 2688 215 2733; x_wconf 87' lang='lat' dir='ltr'><strong>co.</strong></span> <span class='ocrx_word' id='word_1_238' title='bbox 228 2670 312 2729; x_wconf 90' lang='lat' dir='ltr'><strong>ediis.</strong></span> <span class='ocrx_word' id='word_1_239' title='bbox 325 2666 417 2731; x_wconf 85' lang='lat' dir='ltr'><strong>Solm.</strong></span> <span class='ocrx_word' id='word_1_240' title='bbox 430 2676 514 2731; x_wconf 85' lang='lat' dir='ltr'><strong>tract.</strong></span> <span class='ocrx_word' id='word_1_241' title='bbox 528 2673 576 2732; x_wconf 92' lang='grc'><strong>18.</strong></span> <span class='ocrx_word' id='word_1_242' title='bbox 592 2691 616 2732; x_wconf 89' lang='lat' dir='ltr'><strong>c.</strong></span> <span class='ocrx_word' id='word_1_243' title='bbox 632 2673 662 2732; x_wconf 97' lang='grc'><strong>5.</strong></span> <span class='ocrx_word' id='word_1_244' title='bbox 677 2690 709 2754; x_wconf 85' lang='lat' dir='ltr'><strong>p.</strong></span> <span class='ocrx_word' id='word_1_245' title='bbox 722 2674 751 2732; x_wconf 93' lang='grc'><strong>1.</strong></span> <span class='ocrx_word' id='word_1_246' title='bbox 766 2670 794 2752; x_wconf 83' lang='lat'><strong>§.</strong></span> <span class='ocrx_word' id='word_1_247' title='bbox 810 2674 839 2734; x_wconf 82' lang='lat' dir='ltr'><strong>b.</strong></span> <span class='ocrx_word' id='word_1_248' title='bbox 850 2692 881 2734; x_wconf 89' lang='lat' dir='ltr'><strong>n.</strong></span> <span class='ocrx_word' id='word_1_249' title='bbox 897 2675 938 2734; x_wconf 77' lang='grc'><strong>111</strong></span> <span class='ocrx_word' id='word_1_250' title='bbox 954 2671 995 2733; x_wconf 83' lang='lat' dir='ltr'><strong>od</strong></span> <span class='ocrx_word' id='word_1_251' title='bbox 1007 2674 1057 2733; x_wconf 75' lang='lat' dir='ltr'><strong>tt.</strong></span> 
     </span>
    </p>

    <p class='ocr_par' dir='ltr' id='par_1_4' title="bbox 172 2755 1249 3685">
     <span class='ocr_line' id='line_1_31' title="bbox 210 2755 1183 2836; baseline 0.005 -22"><span class='ocrx_word' id='word_1_252' title='bbox 210 2757 260 2817; x_wconf 68' lang='grc'><strong>8..</strong></span> <span class='ocrx_word' id='word_1_253' title='bbox 278 2787 315 2799; x_wconf 85' lang='grc'><strong>-</strong></span> <span class='ocrx_word' id='word_1_254' title='bbox 329 2755 478 2828; x_wconf 79' lang='lat' dir='ltr'><strong>Quaeritur</strong></span> <span class='ocrx_word' id='word_1_255' title='bbox 495 2757 524 2816; x_wconf 73' lang='lat' dir='ltr'><strong>b.</strong></span> <span class='ocrx_word' id='word_1_256' title='bbox 543 2755 650 2818; x_wconf 86' lang='lat' dir='ltr'><strong>Utrdm</strong></span> <span class='ocrx_word' id='word_1_257' title='bbox 661 2757 819 2834; x_wconf 84' lang='lat' dir='ltr'><strong>Episcopus</strong></span> <span class='ocrx_word' id='word_1_258' title='bbox 831 2759 863 2817; x_wconf 91' lang='lat' dir='ltr'><strong>in</strong></span> <span class='ocrx_word' id='word_1_259' title='bbox 875 2757 972 2835; x_wconf 87' lang='lat' dir='ltr'><strong>aliqua</strong></span> <span class='ocrx_word' id='word_1_260' title='bbox 984 2770 1067 2817; x_wconf 85' lang='lat' dir='ltr'><strong>causa</strong></span> <span class='ocrx_word' id='word_1_261' title='bbox 1085 2758 1183 2836; x_wconf 81' lang='lat' dir='ltr'><strong>possit</strong></span> 
     </span>
     <span class='ocr_line' id='line_1_32' title="bbox 172 2839 1185 2920; baseline 0.002 -21"><span class='ocrx_word' id='word_1_262' title='bbox 172 2839 338 2919; x_wconf 85' lang='lat' dir='ltr'><strong>procedere.</strong></span> <span class='ocrx_word' id='word_1_263' title='bbox 351 2839 544 2899; x_wconf 85' lang='lat' dir='ltr'><strong>criminaliter</strong></span> <span class='ocrx_word' id='word_1_264' title='bbox 563 2850 665 2899; x_wconf 87' lang='lat' dir='ltr'><strong>eontra</strong></span> <span class='ocrx_word' id='word_1_265' title='bbox 688 2841 857 2918; x_wconf 78' lang='lat' dir='ltr'><strong>regulares?</strong></span> <span class='ocrx_word' id='word_1_266' title='bbox 879 2844 998 2903; x_wconf 85' lang='lat' dir='ltr'><strong>Dictum</strong></span> <span class='ocrx_word' id='word_1_267' title='bbox 1021 2849 1065 2901; x_wconf 88' lang='lat' dir='ltr'><strong>est</strong></span> <span class='ocrx_word' id='word_1_268' title='bbox 1088 2858 1185 2920; x_wconf 83' lang='lat' dir='ltr'><strong>regu·</strong></span> 
     </span>
     <span class='ocr_line' id='line_1_33' title="bbox 172 2923 1183 3006; baseline 0.005 -23"><span class='ocrx_word' id='word_1_269' title='bbox 172 2925 248 2984; x_wconf 86' lang='lat' dir='ltr'><strong>lares</strong></span> <span class='ocrx_word' id='word_1_270' title='bbox 269 2930 420 3000; x_wconf 81' lang='lat' dir='ltr'><strong>exemptos</strong></span> <span class='ocrx_word' id='word_1_271' title='bbox 442 2939 504 2984; x_wconf 87' lang='lat' dir='ltr'><strong>esse</strong></span> <span class='ocrx_word' id='word_1_272' title='bbox 525 2923 562 2984; x_wconf 88' lang='lat' dir='ltr'><strong>ab</strong></span> <span class='ocrx_word' id='word_1_273' title='bbox 581 2925 794 3004; x_wconf 86' lang='lat' dir='ltr'><strong>Episcoporum</strong></span> <span class='ocrx_word' id='word_1_274' title='bbox 808 2926 1034 3004; x_wconf 86' lang='lat' dir='ltr'><strong>jurisdictione,</strong></span> <span class='ocrx_word' id='word_1_275' title='bbox 1055 2936 1183 3006; x_wconf 72' lang='lat' dir='ltr'><strong>prater·</strong></span> 
     </span>
     <span class='ocr_line' id='line_1_34' title="bbox 173 3006 1182 3090; baseline 0.009 -24"><span class='ocrx_word' id='word_1_276' title='bbox 173 3026 262 3086; x_wconf 73' lang='lat' dir='ltr'><strong>quern</strong></span> <span class='ocrx_word' id='word_1_277' title='bbox 280 3008 310 3066; x_wconf 92' lang='lat' dir='ltr'><strong>in</strong></span> <span class='ocrx_word' id='word_1_278' title='bbox 332 3006 445 3066; x_wconf 91' lang='lat' dir='ltr'><strong>casibus</strong></span> <span class='ocrx_word' id='word_1_279' title='bbox 467 3008 499 3067; x_wconf 90' lang='lat' dir='ltr'><strong>in</strong></span> <span class='ocrx_word' id='word_1_280' title='bbox 515 3007 585 3085; x_wconf 86' lang='lat' dir='ltr'><strong>jure</strong></span> <span class='ocrx_word' id='word_1_281' title='bbox 605 3012 759 3089; x_wconf 82' lang='lat' dir='ltr'><strong>expressis.</strong></span> <span class='ocrx_word' id='word_1_282' title='bbox 776 3013 885 3071; x_wconf 85' lang='lat' dir='ltr'><strong>Praeter</strong></span> <span class='ocrx_word' id='word_1_283' title='bbox 902 3012 952 3084; x_wconf 86' lang='lat' dir='ltr'><strong>id,</strong></span> <span class='ocrx_word' id='word_1_284' title='bbox 970 3011 1049 3090; x_wconf 88' lang='lat' dir='ltr'><strong>quod</strong></span> <span class='ocrx_word' id='word_1_285' title='bbox 1066 3018 1182 3090; x_wconf 63' lang='lat' dir='ltr'><strong>spectat</strong></span> 
     </span>
     <span class='ocr_line' id='line_1_35' title="bbox 172 3090 1181 3171; baseline 0.006 -19"><span class='ocrx_word' id='word_1_286' title='bbox 172 3090 209 3152; x_wconf 91' lang='lat' dir='ltr'><strong>ad</strong></span> <span class='ocrx_word' id='word_1_287' title='bbox 235 3092 389 3150; x_wconf 86' lang='lat' dir='ltr'><strong>missarum</strong></span> <span class='ocrx_word' id='word_1_288' title='bbox 414 3092 663 3166; x_wconf 79' lang='lat' dir='ltr'><strong>celebrationem,</strong></span> <span class='ocrx_word' id='word_1_289' title='bbox 685 3103 715 3155; x_wconf 92' lang='lat' dir='ltr'><strong>et</strong></span> <span class='ocrx_word' id='word_1_290' title='bbox 736 3097 900 3156; x_wconf 87' lang='lat' dir='ltr'><strong>clausuram</strong></span> <span class='ocrx_word' id='word_1_291' title='bbox 923 3096 1118 3171; x_wconf 78' lang='lat' dir='ltr'><strong>monialium3</strong></span> <span class='ocrx_word' id='word_1_292' title='bbox 1146 3097 1181 3158; x_wconf 90' lang='lat' dir='ltr'><strong>in</strong></span> 
     </span>
     <span class='ocr_line' id='line_1_36' title="bbox 173 3175 1181 3259; baseline 0.004 -22"><span class='ocrx_word' id='word_1_293' title='bbox 173 3175 288 3237; x_wconf 83' lang='lat' dir='ltr'><strong>duobus</strong></span> <span class='ocrx_word' id='word_1_294' title='bbox 311 3176 376 3235; x_wconf 88' lang='lat' dir='ltr'><strong>aliis</strong></span> <span class='ocrx_word' id='word_1_295' title='bbox 395 3177 508 3237; x_wconf 88' lang='lat' dir='ltr'><strong>casibus</strong></span> <span class='ocrx_word' id='word_1_296' title='bbox 525 3186 649 3257; x_wconf 89' lang='lat' dir='ltr'><strong>possunt</strong></span> <span class='ocrx_word' id='word_1_297' title='bbox 672 3198 707 3239; x_wconf 86' lang='lat' dir='ltr'><strong>ex</strong></span> <span class='ocrx_word' id='word_1_298' title='bbox 720 3181 896 3241; x_wconf 82' lang='lat' dir='ltr'><strong>Tridentino</strong></span> <span class='ocrx_word' id='word_1_299' title='bbox 917 3181 1057 3259; x_wconf 78' lang='lat' dir='ltr'><strong>Episcopi</strong></span> <span class='ocrx_word' id='word_1_300' title='bbox 1072 3187 1181 3242; x_wconf 88' lang='lat' dir='ltr'><strong>eontra</strong></span> 
     </span>
     <span class='ocr_line' id='line_1_37' title="bbox 174 3259 1184 3342; baseline 0.006 -22"><span class='ocrx_word' id='word_1_301' title='bbox 174 3278 224 3325; x_wconf 88' lang='lat' dir='ltr'><strong>eos</strong></span> <span class='ocrx_word' id='word_1_302' title='bbox 242 3259 399 3337; x_wconf 90' lang='lat' dir='ltr'><strong>procedere</strong></span> <span class='ocrx_word' id='word_1_303' title='bbox 416 3282 424 3320; x_wconf 87' lang='lat'>:</span> <span class='ocrx_word' id='word_1_304' title='bbox 444 3263 474 3322; x_wconf 91' lang='grc'><strong>1.</strong></span> <span class='ocrx_word' id='word_1_305' title='bbox 489 3263 518 3321; x_wconf 88' lang='lat' dir='ltr'><strong>Si</strong></span> <span class='ocrx_word' id='word_1_306' title='bbox 531 3265 674 3340; x_wconf 81' lang='lat' dir='ltr'><strong>regularis</strong></span> <span class='ocrx_word' id='word_1_307' title='bbox 694 3265 799 3342; x_wconf 86' lang='lat' dir='ltr'><strong>aliquis</strong></span> <span class='ocrx_word' id='word_1_308' title='bbox 819 3272 948 3342; x_wconf 87' lang='lat' dir='ltr'><strong>patraret</strong></span> <span class='ocrx_word' id='word_1_309' title='bbox 960 3264 1114 3339; x_wconf 87' lang='lat' dir='ltr'><strong>delictum,</strong></span> <span class='ocrx_word' id='word_1_310' title='bbox 1130 3265 1184 3326; x_wconf 90' lang='lat' dir='ltr'><strong>de·</strong></span> 
     </span>
     <span class='ocr_line' id='line_1_38' title="bbox 174 3344 1249 3427; baseline 0.006 -21"><span class='ocrx_word' id='word_1_311' title='bbox 174 3344 269 3427; x_wconf 82' lang='lat' dir='ltr'><strong>gendo</strong></span> <span class='ocrx_word' id='word_1_312' title='bbox 288 3355 369 3405; x_wconf 81' lang='lat' dir='ltr'><strong>extra</strong></span> <span class='ocrx_word' id='word_1_313' title='bbox 388 3349 616 3420; x_wconf 87' lang='lat' dir='ltr'><strong>monasterium,</strong></span> <span class='ocrx_word' id='word_1_314' title='bbox 631 3348 715 3408; x_wconf 85' lang='lat' dir='ltr'><strong>Trid.</strong></span> <span class='ocrx_word' id='word_1_315' title='bbox 733 3366 803 3410; x_wconf 85' lang='lat' dir='ltr'><strong>sess.</strong></span> <span class='ocrx_word' id='word_1_316' title='bbox 818 3353 848 3409; x_wconf 84' lang='lat' dir='ltr'><strong>d.</strong></span> <span class='ocrx_word' id='word_1_317' title='bbox 864 3369 889 3409; x_wconf 90' lang='lat' dir='ltr'><strong>c.</strong></span> <span class='ocrx_word' id='word_1_318' title='bbox 903 3351 933 3409; x_wconf 89' lang='grc'><strong>5.</strong></span> <span class='ocrx_word' id='word_1_319' title='bbox 945 3348 1000 3409; x_wconf 89' lang='lat' dir='ltr'><strong>Sed</strong></span> <span class='ocrx_word' id='word_1_320' title='bbox 1014 3347 1071 3409; x_wconf 93' lang='lat' dir='ltr'><strong>boc</strong></span> <span class='ocrx_word' id='word_1_321' title='bbox 1089 3350 1185 3412; x_wconf 88' lang='lat' dir='ltr'><strong>intel·</strong></span> <span class='ocrx_word' id='word_1_322' title='bbox 1246 3381 1249 3385; x_wconf 44' lang='lat'><strong>⁴</strong></span> 
     </span>
     <span class='ocr_line' id='line_1_39' title="bbox 174 3433 1186 3512; baseline 0.002 -19"><span class='ocrx_word' id='word_1_323' title='bbox 174 3433 278 3510; x_wconf 78' lang='lat' dir='ltr'><strong>ligitur</strong></span> <span class='ocrx_word' id='word_1_324' title='bbox 296 3448 399 3492; x_wconf 90' lang='lat' dir='ltr'><strong>corum</strong></span> <span class='ocrx_word' id='word_1_325' title='bbox 416 3442 565 3508; x_wconf 89' lang='lat' dir='ltr'><strong>respecto,</strong></span> <span class='ocrx_word' id='word_1_326' title='bbox 581 3434 631 3510; x_wconf 92' lang='lat' dir='ltr'><strong>qui</strong></span> <span class='ocrx_word' id='word_1_327' title='bbox 651 3442 859 3512; x_wconf 87' lang='lat' dir='ltr'><strong>permanenter</strong></span> <span class='ocrx_word' id='word_1_328' title='bbox 871 3443 952 3495; x_wconf 83' lang='lat' dir='ltr'><strong>extro</strong></span> <span class='ocrx_word' id='word_1_329' title='bbox 964 3434 1186 3500; x_wconf 85' lang='lat' dir='ltr'><strong>monasterium</strong></span> 
     </span>
     <span class='ocr_line' id='line_1_40' title="bbox 174 3514 1189 3597; baseline 0.002 -21"><span class='ocrx_word' id='word_1_330' title='bbox 174 3515 328 3585; x_wconf 88' lang='lat' dir='ltr'><strong>habitant,</strong></span> <span class='ocrx_word' id='word_1_331' title='bbox 346 3532 407 3576; x_wconf 91' lang='lat' dir='ltr'><strong>non</strong></span> <span class='ocrx_word' id='word_1_332' title='bbox 427 3514 499 3576; x_wconf 87' lang='lat' dir='ltr'><strong>verb</strong></span> <span class='ocrx_word' id='word_1_333' title='bbox 515 3517 611 3594; x_wconf 87' lang='lat' dir='ltr'><strong>quoad</strong></span> <span class='ocrx_word' id='word_1_334' title='bbox 629 3518 715 3578; x_wconf 88' lang='lat' dir='ltr'><strong>illum</strong></span> <span class='ocrx_word' id='word_1_335' title='bbox 728 3519 919 3597; x_wconf 80' lang='lat' dir='ltr'><strong>religiosum,</strong></span> <span class='ocrx_word' id='word_1_336' title='bbox 942 3517 994 3597; x_wconf 90' lang='lat' dir='ltr'><strong>qui</strong></span> <span class='ocrx_word' id='word_1_337' title='bbox 1014 3516 1096 3577; x_wconf 78' lang='lat' dir='ltr'><strong>extri</strong></span> <span class='ocrx_word' id='word_1_338' title='bbox 1115 3537 1189 3578; x_wconf 89' lang='lat' dir='ltr'><strong>ma·</strong></span> 
     </span>
     <span class='ocr_line' id='line_1_41' title="bbox 176 3599 1189 3685; baseline 0.007 -29"><span class='ocrx_word' id='word_1_339' title='bbox 176 3609 259 3661; x_wconf 88' lang='lat' dir='ltr'><strong>neret</strong></span> <span class='ocrx_word' id='word_1_340' title='bbox 277 3600 362 3662; x_wconf 81' lang='grc'><strong>11111</strong></span> <span class='ocrx_word' id='word_1_341' title='bbox 385 3599 598 3664; x_wconf 81' lang='lat' dir='ltr'><strong>confessionum</strong></span> <span class='ocrx_word' id='word_1_342' title='bbox 616 3602 876 3685; x_wconf 83' lang='lat' dir='ltr'><strong>excipiendarum,</strong></span> <span class='ocrx_word' id='word_1_343' title='bbox 889 3611 940 3664; x_wconf 88' lang='grc'><strong>111</strong></span> <span class='ocrx_word' id='word_1_344' title='bbox 962 3602 1189 3677; x_wconf 86' lang='lat' dir='ltr'><strong>concionandi,</strong></span> 
     </span>
    </p>
   </div>
   <div class='ocr_carea' id='block_1_3' title="bbox 0 0 1337 4150">
    <p class='ocr_par' dir='ltr' id='par_1_5' title="bbox 0 0 1337 4150">
     <span class='ocr_line' id='line_1_42' title="bbox 0 0 1337 4150; baseline 0 0"><span class='ocrx_word' id='word_1_345' title='bbox 0 0 1337 4150; x_wconf 95' lang='lat' dir='ltr'><strong> </strong></span> 
     </span>
    </p>
   </div>
  </div>
 </body>
</html>
