2642 4150
205 244 245 306 88
413 236 657 301 Deromertertan
672 233 786 316 Pontis.
800 235 1003 311 ‹terretnmte

205 367 219 396 o
242 339 406 403 Tridentini
420 339 531 419 praeiati
551 337 695 398 contentis
709 336 918 397 inviolabililer
937 335 1130 400 observandas
1144 355 1208 402 esse
1242 414 1247 422 .

205 448 219 479 a
243 427 416 497 statuimus,
437 421 639 493 derernimus,
661 419 847 499 praecipimus
860 421 1139 499 atquemandamus.
1155 449 1169 478 tt

243 510 385 569 Praeterea
408 514 490 567 rnatu
510 505 652 583 propria,
673 512 703 563 et
723 521 759 563 ex
778 511 857 564 eerta
876 507 1017 577 seientia,
1040 516 1206 568 armatura

205 591 415 653 deliberatione
447 590 576 660 nostris,
602 586 699 665 deque
724 586 889 663 apostolieae
907 591 1056 667 potestatis
1077 592 1207 669 plenitu³

206 676 276 736 dine
296 673 466 737 earumdem
492 673 683 751 presentium
706 678 809 732 tenore
829 675 947 745 omnia,
967 684 998 735 et
1020 677 1132 754 singula
1157 677 1206 736 iu·

206 759 313 831 dulta,
344 757 516 837 privilegia,
544 756 773 834 praerogativas,
802 757 975 829 facultates,
1001 760 1151 833 licentias,
1176 765 1207 819 et

207 861 396 923 quocumque
412 843 469 903 alio
487 851 572 920 paeto
593 849 776 917 nuncupatas
794 842 991 904 eoncessiones
1016 844 1153 905 omnibus
1176 853 1207 906 et

206 928 328 1005 singulis
357 926 584 1008 potionumque
609 920 806 984 ecelesiasticis
836 928 991 1002 personis,
1025 928 1208 1005 qudcumque

208 1014 397 1083 alletoritate,
411 1011 555 1090 dignitate
568 1054 577 1081 ,
592 1009 705 1069 honore
715 1052 723 1079 ,
734 1010 953 1084 proeenrinentid
965 1029 998 1071 no
1006 1010 1208 1089 jurisdictione

209 1096 418 1175 iungentibus,
437 1094 526 1153 etiem
548 1091 765 1153 venerabilibus
793 1093 944 1154 Fratribus
968 1096 1074 1157 nostris
1103 1104 1209 1156 sancte

209 1181 348 1242 Itomanoe
366 1179 499 1240 Ecclesim
512 1177 739 1246 Cardinalibus,
761 1176 823 1237 sive
850 1177 992 1256 singulis,
1014 1182 1076 1240 sire
1095 1198 1209 1241 eorum·

210 1266 278 1327 dem
295 1265 497 1326 Cardinalium
513 1263 794 1341 congregationibus
807 1307 816 1332 ,
828 1263 915 1324 etiam
933 1263 972 1325 de
985 1267 1074 1326 latere
1088 1266 1207 1344 legatis,

209 1350 272 1411 sive
293 1350 344 1428 qui
360 1348 540 1428 provinciis,
558 1356 588 1407 et
603 1346 798 1425 legationibus
809 1346 901 1407 statuis
918 1350 1011 1409 nostri
1028 1350 1210 1410 ecelesiastici

209 1452 265 1512 pro
289 1444 421 1513 tempore
445 1439 600 1512 praesunt,
616 1432 679 1491 sive
703 1448 777 1508 quos
791 1430 828 1490 ad
841 1431 1025 1494 charissimos
1041 1435 1071 1495 in
1095 1434 1211 1494 Christo

209 1521 286 1581 filios
303 1527 418 1580 nostros
442 1519 756 1594 Romanorumregam
779 1517 811 1576 iu
828 1516 1036 1594 imperatorem
1063 1538 1118 1596 pro
1141 1530 1212 1581 tem·

209 1621 282 1682 pore
298 1603 483 1682 eligendum,
504 1602 551 1663 vel
575 1601 724 1672 electum,
744 1617 827 1679 reges
854 1606 885 1660 et
912 1604 1028 1680 reginas
1057 1604 1210 1679 illustres,

210 1688 338 1767 aliasque
358 1704 489 1747 summas
513 1692 670 1764 potestates
692 1694 783 1761 prout
807 1702 908 1745 rerum
934 1686 1063 1748 conditio
1082 1692 1212 1768 postula·

211 1774 306 1844 verit,
321 1774 400 1833 mitti
419 1778 450 1831 et
472 1769 599 1848 ablegari
620 1771 776 1848 eontigerit
792 1791 802 1846 ς
820 1771 881 1830 sive
899 1772 950 1847 qui
967 1815 976 1845 ,
996 1763 1064 1835 nott
1086 1776 1213 1838 aliarum

211 1857 373 1936 insignium
384 1855 576 1915 Eerlesiarum
592 1854 744 1914 Antistites
757 1899 765 1926 ,
779 1863 877 1914 tamen
890 1863 1036 1934 tamquam
1048 1861 1214 1936 apostoliere

211 1938 299 2017 hujus
312 1940 343 1999 S.
360 1939 443 2000 Sedis
461 1939 547 2015 legati
562 1937 600 1999 de
614 1937 785 1999 latereulids
800 1942 960 2017 nuncupati
977 1949 1007 2001 et
1021 1940 1114 2003 habiti
1123 1956 1212 2017 suut,
1307 1995 1308 2006 ,

212 2035 242 2086 et
267 2026 385 2086 tortasse
403 2023 572 2093 habentur,
598 2030 650 2083 aut
673 2022 794 2095 haldri,
818 2032 848 2085 et
868 2042 930 2087 essa
948 2026 1162 2106 praetendunt,
1184 2040 1216 2094 et

214 2113 244 2172 in
267 2109 419 2190 posterum
446 2108 574 2170 habendi
594 2115 664 2168 sunt
676 2129 685 2183 3
698 2109 760 2169 sive
779 2110 953 2182 Ordinarii,
974 2112 1035 2173 sive
1050 2116 1215 2176 extraordi-

212 2196 287 2259 narii
304 2195 419 2266 nostri,
438 2201 470 2255 et
491 2191 622 2269 ejusdem
639 2193 803 2270 apostoticae
814 2194 898 2254 Sedis
917 2195 1111 2274 ubicumque,
1126 2201 1215 2261 etiarn

212 2278 290 2359 opud
323 2279 401 2355 ipsos
434 2279 640 2355 imperatorem
672 2284 703 2336 et
732 2295 816 2356 reges
841 2296 875 2338 ae
896 2296 1026 2340 summas
1057 2290 1215 2359 potestates

212 2360 331 2430 nuntii,
345 2360 405 2420 sive
415 2360 590 2421 internuntii
602 2360 734 2421 resident
748 2362 888 2440 (exeeptis
899 2362 1067 2437 dumtaxat,
1080 2366 1215 2429 leeerum

213 2445 394 2517 Ordinariis,
410 2445 502 2522 iisqne
524 2443 661 2503 omnibus
685 2446 913 2522 superioribus,
936 2448 1044 2525 quibus
1063 2457 1216 2528 tamquam

214 2528 377 2588 Ordinariis
388 2570 396 2599 ,
409 2535 440 2587 et
455 2527 604 2587 ordinarit
621 2526 825 2604 jurisdictione
841 2530 1011 2605 utentibus,
1040 2534 1216 2596 monialium
1306 2550 1307 2555 ’

214 2612 389 2676 monasteria
411 2611 540 2688 subjecta
563 2620 594 2672 et
611 2612 725 2672 addicta
744 2622 837 2685 sunt,
858 2616 890 2675 in
913 2614 1026 2675 casibus
1045 2625 1145 2678 tamen
1169 2637 1217 2679 ne-
1306 2652 1307 2657 κ

214 2696 364 2767 cessariis',
381 2696 543 2757 etservatis
569 2696 689 2760 aliis,de
707 2695 777 2773 jure
795 2699 966 2771 servandis,
990 2709 1020 2760 et
1043 2718 1104 2761 non
1131 2703 1217 2764 aliter
1306 2768 1307 2777 ,

214 2777 347 2856 omnind)
365 2798 398 2839 ae
410 2777 530 2840 demum
541 2779 774 2860 quibuscumque
792 2782 856 2842 otiis
873 2801 1059 2861 quocumque
1077 2787 1217 2857 nomine,

215 2875 247 2924 et
263 2863 450 2941 expressione
476 2865 654 2941 nuncupatis
677 2867 831 2942 personis,
850 2885 1035 2945 quocumque
1053 2870 1219 2948 temporeis

216 2946 387 3026 quibusvis,
405 2946 496 3007 etiam
514 2947 551 3006 ab
573 2948 643 3026 ipsis
658 2951 798 3009 Romanis
815 2952 1005 3011 Pontificibus
1025 2954 1219 3030 prodecesso-

214 3031 297 3091 ribus
318 3029 426 3089 nostris
442 3047 626 3109 quacumque
638 3032 676 3091 de
700 3050 806 3106 eausa,
821 3036 990 3105 oreasione,
1009 3036 1109 3106 tituto,
1122 3038 1220 3100 colore

214 3124 244 3175 et
254 3121 397 3192 praetextu
417 3132 471 3192 per
490 3132 689 3194 quascumque
712 3118 883 3194 apostolicas
896 3120 959 3180 sive
973 3120 1005 3179 in
1018 3121 1109 3181 simili
1125 3122 1220 3184 torma

214 3198 331 3270 Brevis,
348 3199 410 3260 sive
427 3198 482 3259 sub
502 3200 624 3277 plumbo
646 3201 795 3280 expeditas
810 3201 943 3275 litteras,
962 3203 1018 3264 sub
1033 3206 1221 3282 quibuscum·

218 3300 278 3361 que
297 3282 457 3344 verborum
471 3283 574 3344 formis
596 3284 696 3357 saeta,
720 3285 807 3359 data,
824 3304 980 3358 concessa,
1002 3295 1032 3346 et
1052 3289 1221 3366 impertita,

215 3367 277 3427 sire
288 3366 376 3426 suetas
390 3410 399 3439 ,
415 3367 512 3440 datas,
531 3385 699 3436 repressas,
721 3376 752 3430 et
768 3371 932 3449 impertitas
948 3388 1038 3448 super
1049 3369 1222 3447 hujusmodi

215 3450 346 3527 ingressu
367 3468 552 3524 revocamus,
564 3449 727 3528 abolemus,
745 3450 938 3514 annullamus
947 3461 1036 3534 atque
1045 3453 1203 3517 intramus
1209 3479 1221 3533 3

216 3551 270 3592 uec
293 3533 385 3595 nonii
413 3534 549 3595 datarum
576 3536 748 3595 earumdem
776 3538 966 3614 praesentium
990 3537 1040 3596 die
1063 3546 1222 3615 revocata,

217 3615 327 3676 aboleta
342 3619 515 3691 ,annullata
530 3661 539 3694 ,
556 3626 588 3680 et
607 3621 713 3695 irrita,
733 3638 766 3681 ue
780 3622 890 3683 nullius
907 3621 1038 3699 prorsuis
1055 3623 1223 3702 momenti,
