2642 4150
195 245 198 252 .
226 206 266 266 52
429 202 473 261 Dc
487 212 678 259 cottianorum
693 192 809 274 Pontis.
822 193 956 279 decretis,
969 203 1020 257 etc.

224 304 342 375 hendo,
363 319 424 362 sese
443 297 580 359 audacius
600 296 889 376 polygamidpariter
911 297 1057 357 innodare
1083 317 1141 359 non
1161 321 1226 379 per.

223 378 404 450 horrescant.
416 388 476 462 Age
494 381 564 444 verb
575 380 664 460 qudm
678 382 795 459 gravia,
810 381 900 458 qu'am
914 381 997 442 nullo
1015 393 1098 460 pacto
1112 386 1226 446 serendo

224 489 260 531 ex
276 470 321 530 bis
338 468 534 530 matrimoniis
554 467 630 527 mula
651 466 796 525 oriantur.
812 467 844 524 Si
861 465 941 525 enim
960 465 997 526 ad
1015 485 1228 548 quamcumque

225 555 407 617 matrimonii
435 551 628 630 suspicionem
657 549 925 616 summovendam,
955 550 1054 609 virum
1075 553 1226 613 seorsimi

206 639 349 699 'muliere
369 639 468 698 vivere
485 636 654 712 contingat,
681 633 794 692 sublata
817 641 861 692 est
887 630 966 692 illicd
989 633 1139 694 individua
1163 638 1229 697 vitai

226 721 404 781 consuetudo
420 766 428 793 ,
449 729 479 781 et
497 726 699 794 contemptum
719 721 762 775 est
774 716 899 774 verbum
912 717 1031 775 Domini
1046 738 1053 775 :
1069 717 1231 781 Adltoerebc‘t

225 803 310 867 domo
327 806 512 876 uxorisne,
527 809 654 862 cierunt
673 799 732 860 duo
749 798 783 858 iu
800 818 887 860 corate
910 818 983 859 arato.
1007 802 1058 860 Sin
1078 799 1140 861 lucc
1163 805 1230 864 vite

226 889 407 949 consuetudo
434 894 597 959 servetur,
625 901 713 943 nemo
741 893 803 955 est,
834 884 884 961 qui
911 883 991 943 illam
1017 886 1149 945 oriminis
1171 905 1229 947 non

157 1027 159 1031 ,
227 981 331 1050 arguat
339 1018 349 1047 ‚
366 980 397 1033 et
423 969 525 1050 utpote
546 969 770 1039 detestabilem,
789 969 822 1027 in
849 967 977 1026 scandali
996 970 1149 1028 materiam
1173 989 1228 1030 non

228 1056 371 1115 traducat.
404 1058 505 1132 Neque
529 1055 608 1114 illata
642 1070 696 1130 per
717 1050 885 1110 scandalum
915 1050 1067 1128 dispendia
1097 1054 1232 1129 rependit

228 1139 379 1200 subsecuta
399 1138 555 1199 celebratio
574 1137 680 1197 occulti
711 1135 913 1210 matrimonii,
938 1135 1019 1214 quod
1048 1136 1079 1195 in
1104 1137 1232 1197 tenebris

228 1221 386 1298 delitescit,
402 1234 431 1284 et
451 1224 487 1283 ab
513 1223 649 1281 omnibus
668 1221 833 1297 ignoratur.
1134 1246 1137 1253 ,

266 1308 387 1367 Leviora
401 1325 518 1386 quoque
538 1307 644 1365 damna
667 1322 728 1363 non
746 1312 836 1373 sunt,
856 1322 924 1382 quae
941 1309 1080 1381 susceptu
1096 1306 1176 1383 proli
1193 1307 1231 1366 ir·

229 1403 381 1469 rogantur.
404 1392 486 1471 Saepe
517 1392 596 1451 enim
620 1391 794 1468 contingit,
816 1390 899 1450 illam
920 1388 1150 1468 aparentibus,
1171 1391 1231 1463 etd

228 1487 322 1538 matre
338 1478 500 1557 praesertim
519 1487 646 1537 amotam
661 1520 671 1550 ,
692 1493 746 1534 nee
761 1473 832 1552 pie,
855 1493 909 1535 nee
924 1475 1083 1535 liberaliter
1096 1476 1210 1535 institui
1223 1497 1231 1548 3

227 1561 279 1620 sed
298 1563 416 1621 incertis
431 1563 556 1621 fortunae
579 1561 691 1619 casibus
714 1559 859 1635 objectam
878 1559 1006 1637 relinqui
1026 1581 1036 1635 ;
1062 1560 1116 1619 nisi
1145 1561 1233 1619 etiam

228 1656 362 1724 parentes
383 1646 439 1724 ipsi
459 1654 559 1704 contra
579 1653 691 1704 naturae
713 1644 816 1720 leges,
841 1662 913 1704 ausu
936 1645 1047 1705 nelarie
1066 1645 1146 1704 illius
1168 1640 1234 1704 vitae

229 1731 418 1791 insidientur.
434 1730 488 1789 Ubi
504 1727 575 1790 verb
586 1739 645 1788 tum
660 1729 789 1787 immane
803 1729 913 1788 lacinus
924 1738 1059 1808 parentes
1068 1730 1231 1803 deterreat,

228 1814 353 1892 illosque
380 1814 416 1874 ad
443 1813 572 1873 sobolem
598 1811 756 1882 alendum,
776 1814 1042 1892 instituendamque
1068 1812 1236 1873 humanitas

229 1898 290 1975 ipsu
303 1899 477 1977 compellat,
488 1897 544 1957 alia
558 1896 695 1957 imminet
715 1897 817 1956 liberis
830 1900 971 1976 susceptis
992 1917 1028 1957 cx
1044 1898 1160 1959 occulto
1174 1916 1237 1957 ma·

229 1983 369 2043 trimonio
389 1980 514 2060 lugenda
526 1983 671 2040 avitarum
689 1981 878 2054 facultatum,
894 1991 923 2041 et
942 1982 1086 2043 honorum
1096 1981 1235 2059 jactura,

230 2086 284 2146 pro
307 2085 434 2144 quorum
459 2067 638 2142 possessione
660 2066 839 2143 assequenda
864 2067 998 2145 quamvis
1021 2064 1149 2126 clament
1168 2065 1236 2143 jura

229 2153 399 2229 sanguinis,
420 2151 477 2209 illis
502 2160 599 2210 tamen
622 2161 741 2210 careant
772 2170 887 2211 necesse
916 2158 959 2210 est
982 2160 1102 2229 propter
1122 2153 1238 2211 occulta

230 2246 385 2316 parentum
399 2235 585 2294 matrimonia
610 2242 639 2293 et
655 2235 822 2314 ademptam
841 2235 1036 2314 legitimitatis
1049 2278 1057 2305 ,
1072 2242 1101 2294 et
1116 2234 1239 2295 filiatio-

230 2322 276 2383 nis
299 2319 511 2398 probationem.
536 2318 611 2377 Huic
640 2320 729 2378 etiam
758 2320 905 2380 malorum
935 2319 1043 2395 origini
1063 2326 1134 2377 sunt
1164 2319 1212 2378 res
1226 2350 1241 2362 ·

230 2404 320 2467 reuda
340 2405 401 2481 ipsa
427 2420 545 2481 quoque
568 2413 676 2462 secreta
702 2405 892 2463 matrimonia
917 2402 1098 2463 contractae
1123 2403 1241 2463 filiisla·

231 2489 326 2551 milies
338 2496 438 2547 contra
452 2488 541 2565 patris
552 2485 631 2564 juste
646 2487 843 2547 dissentientis
859 2489 1063 2561 voluntatem3
1079 2503 1114 2545 ex
1128 2488 1240 2565 quibus

231 2572 318 2651 quim
342 2573 440 2651 gravia
468 2572 652 2632 incommoda
680 2574 789 2639 exoriri
818 2572 961 2642 soleant,
979 2570 1129 2630 neminem
1156 2572 1240 2632 latet.

230 2658 307 2731 Quid
326 2654 521 2734 pluratadcb
542 2657 666 2717 invaluit
683 2658 794 2715 malitia
810 2700 818 2727 ‚
835 2666 868 2715 ut
889 2656 1064 2733 quandoque
1084 2656 1116 2714 in
1141 2657 1243 2715 mino·

230 2742 312 2800 ribus
326 2740 478 2800 ordinibus
505 2741 655 2799 constituti
684 2742 856 2818 pensiones,
876 2751 905 2799 et
925 2741 1064 2799 beneficia
1076 2784 1088 2811 ,
1100 2740 1141 2799 ad
1166 2741 1244 2801 divi·

231 2843 304 2883 num
329 2824 441 2882 cultum
463 2831 493 2881 ct
512 2825 826 2883 ecclesiastica‘munia
859 2826 1019 2896 instituta,
1049 2824 1141 2883 etium
1177 2832 1244 2902 post

231 2908 338 2966 initum
352 2908 426 2964 elam
441 2908 664 2967 matrimonium
675 2910 870 2979 retinuerint,
883 2911 998 2987 sibique
1015 2909 1052 2969 de
1066 2926 1244 2971 mammona

231 2990 393 3067 iniquitatis
409 2992 520 3050 loculos
534 2993 704 3059 miserrime¹
719 2996 965 3072 comparaverint.

270 3071 409 3132 Deflenda
438 3073 499 3132 baee
528 3075 619 3153 igitur
647 3076 744 3155 potids
780 3079 921 3137 uberibus
953 3079 1116 3157 lacrymis,
1154 3080 1248 3158 quim

230 3158 335 3217 latiore
358 3159 467 3217 calamo
488 3158 657 3235 explicanda
683 3164 827 3221 malorum
845 3164 1015 3239 congeries,
1037 3160 1105 3222 otim
1130 3183 1172 3222 ex
1193 3164 1248 3223 hae

231 3243 394 3321 apostolieae
403 3239 484 3302 Sedis
497 3245 611 3321 specula
628 3263 730 3304 omnes
743 3246 798 3304 sibi
811 3246 941 3305 vindicet
953 3255 1059 3305 nostrae
1079 3247 1250 3325 vigilantiae

232 3345 345 3402 euras;
371 3335 535 3404 temperare
559 3345 618 3387 non
648 3347 824 3405 possumus,
851 3330 923 3406 quin
959 3347 1011 3388 vos
1043 3331 1150 3406 ipsos,
1178 3350 1248 3390 vcu.

232 3413 366 3481 Fratres,
381 3412 412 3470 in
437 3420 550 3488 partem
566 3419 674 3469 nostrae
691 3413 897 3472 sollicitudinis
919 3423 1086 3480 evocantes,
1108 3424 1250 3473 vestram

231 3495 390 3567 pietatem,
408 3502 438 3552 et
455 3495 549 3552 zelum
566 3495 725 3553 excitemus
742 3497 778 3555 ad
794 3496 996 3556 custodiendas
1013 3497 1131 3576 vigilias
1151 3499 1252 3559 noctis

233 3594 320 3654 super
337 3595 423 3657 grege
438 3578 519 3638 vobis
536 3578 663 3651 credito,
688 3599 776 3658 quem
789 3581 921 3641 luctuosa
934 3581 1043 3641 horum
1065 3592 1250 3661 temporum

388 3680 392 3690 ,
420 3679 423 3685 .
