2642 4150
464 199 543 258 Pura
556 195 691 257 sentiatde.
710 198 806 276 Caput
819 200 847 256 1.
1120 203 1157 262 65

147 298 280 361 conditio
299 299 332 358 in
356 296 516 357 discrimen
532 295 661 356 adducit.
682 296 813 358 Primum
831 299 930 377 itaque
953 300 1075 378 periculi
1098 320 1157 361 non

148 387 323 461 infrequens
347 383 459 442 occasio
481 399 532 443 vos
554 382 658 442 reddat
685 382 862 442 difficiliores
889 384 926 442 ad
949 385 1158 445 remittendum

144 468 386 548 publicationes,
406 464 425 525 b
443 466 550 542 quibus
568 467 745 526 contrectari
766 469 988 528 matrimonium
1008 468 1084 546 saepi
1107 488 1160 546 per

152 553 331 613 malitiosam
363 550 579 627 suggestionem
606 558 712 628 petunt
737 550 909 628 dispensari.
939 552 1033 626 Quam
1053 552 1158 623 cautis,

152 638 338 713 solerterque
357 643 491 712 operteat
502 652 534 693 ea
546 634 576 693 in
597 652 630 692 re
647 636 802 712 Episcopus
815 639 945 706 versari,
962 655 1022 696 non
1036 637 1158 697 obserua

153 721 238 781 uobis
257 718 274 779 h
297 719 430 779 Concilio
447 716 621 778 Tridentino
638 717 814 778 exhibentur
832 730 1014 796 argumenta.
1030 721 1060 780 Si
1079 721 1158 779 enim

152 805 207 883 (ait
227 804 329 865 eadem
347 812 446 863 sancta
466 803 611 881 synodus)
634 803 794 880 probabilis
810 804 899 863 scierit
916 807 1041 882 suspicio
1057 807 1160 865 matri·

146 891 290 950 -monium
313 886 458 948 malitiosis
489 887 624 963 impediri
651 906 755 963 posse,
777 889 802 947 si
825 891 1023 965 precesserint
1044 889 1159 950 denun-

146 975 316 1050 stationes,
341 982 412 1032 tunc
427 972 474 1029 vel
495 990 551 1029 una
571 970 685 1030 tannim
702 972 886 1033 denuntiatio
906 974 978 1048 liat,
997 974 1044 1033 vel
1056 975 1158 1032 saltem

155 1057 308 1137 parocho,
334 1056 496 1117 et‘duobus
514 1056 635 1114 testibus
658 1057 849 1133 praesentibus
870 1060 1091 1118 matrimonium
1112 1073 1159 1116 ce·

156 1142 309 1214 letaretur,
326 1151 356 1202 et
375 1140 482 1200 deinde
506 1150 574 1200 ante
598 1140 678 1199 illius
698 1142 980 1202 consummationem
1003 1141 1159 1201 denuntia·

155 1227 252 1286 tiones
269 1226 300 1285 in
322 1225 446 1285 Ecclesia
460 1224 531 1283 liant
546 1269 554 1295 ,
572 1233 606 1283 ut
627 1224 651 1282 si
668 1225 764 1301 aliqua
787 1226 908 1285 subsunt
929 1227 1157 1304 impedimenta,
1233 1270 1238 1276 .

152 1311 459 1388 iaeilidsdetegantur.
477 1311 618 1368 Praeterea
632 1307 700 1367 lieet
713 1310 855 1386 Episcopo
868 1311 1002 1369 relietum
1014 1312 1052 1370 sit
1063 1312 1159 1370 omni·

156 1392 248 1456 madh
261 1413 348 1472 super
356 1392 627 1454 denuntiationibus
640 1393 809 1469 dispensare
821 1392 899 1461 ,haee
911 1402 1009 1452 ta'men
1020 1395 1157 1464 facultas,

158 1497 224 1538 non
242 1476 260 1536 a
279 1479 336 1537 sola
351 1478 541 1557 dispensantis
561 1478 712 1537 voluntate
731 1476 860 1553 pendet.
884 1477 933 1534 sed
950 1476 966 1534 h
985 1476 1160 1535 Tridentino

159 1569 313 1622 coercetur
323 1564 406 1622 aretis
420 1563 604 1641 prudentiae,
622 1560 798 1637 diseretique
810 1560 924 1618 arbitrii
941 1559 1160 1638 legibus3quod

156 1648 241 1706 idcru
253 1657 314 1717 est,
333 1666 365 1706 ae
377 1647 539 1724 legitimam
553 1663 670 1704 eausam
684 1644 907 1721 dispensationis
920 1646 1081 1722 requirere.

195 1732 299 1790 Parem
316 1749 433 1808 quoque
449 1774 456 1797 ,
477 1728 537 1790 imo
552 1726 672 1789 sortasse
688 1727 832 1805 majorem
851 1729 1033 1804 vigilantiam
1046 1746 1160 1789 neeesm

155 1813 235 1875 csta
257 1816 339 1874 vobis
355 1815 487 1874 adbibdri
501 1857 509 1885 ,
524 1832 562 1873 ne
582 1822 649 1890 post
672 1816 808 1872 remissas
829 1813 1065 1874 denuntiationes
1085 1815 1161 1874 cele·

156 1900 261 1959 bretur
279 1899 503 1958 matrimonium
522 1915 620 1957 coram
644 1895 790 1973 parocho,
817 1899 863 1955 vel
879 1898 936 1956 alio
958 1899 1106 1957 sacerdote
1123 1898 1160 1955 ab

151 1985 224 2061 ,ipso
251 1983 402 2059 parocho,
427 1984 474 2042 vel
495 1982 512 2042 ia
535 1983 618 2041 vobis
641 1981 806 2059 deputato,
828 1982 1020 2057 praesentibus
1046 1983 1160 2040 duobus

155 2069 203 2127 rel
227 2068 322 2129 trihus
345 2069 467 2128 testibus
486 2065 723 2137 confidentibus,
747 2083 785 2126 ne
808 2065 867 2124 ulla
886 2064 1087 2124 celebrationis
1107 2082 1161 2124 no·

156 2153 244 2224 titia,
269 2153 316 2213 vel
331 2169 436 2212 rumor
455 2151 578 2210 oriatur.
594 2152 626 2211 ld
647 2153 727 2211 enim
745 2159 778 2210 ut
792 2150 828 2209 ad
848 2150 1052 2226 praescriptum
1066 2166 1160 2210 sacro·

156 2253 227 2296 rum
238 2238 389 2295 canonum
403 2234 482 2296 licite
494 2235 558 2294 fieri
574 2237 682 2313 possit,
702 2254 762 2294 non
783 2235 853 2293 satis
865 2243 908 2293 est
928 2234 1013 2291 obvia
1034 2233 1159 2311 quaevis,

157 2329 187 2379 ct
200 2320 330 2397 vulgaris
348 2338 453 2390 eausa,
474 2320 524 2379 sed
539 2321 634 2397 gravis
651 2337 777 2396 urgens,
796 2329 826 2379 et
837 2319 1039 2395 urgentissima
1060 2316 1161 2395 requi*

157 2405 247 2463 ritur.
268 2408 290 2464 Α
312 2422 395 2465 sacro
417 2413 523 2464 nostrae
543 2405 770 2463 Poenitentiariae
795 2404 959 2473 tribunali,
982 2422 1017 2462 eo
1045 2403 1160 2481 potissi-

158 2489 243 2549 mrlm
263 2509 329 2549 casu
343 2490 378 2548 fit
397 2498 522 2567 potestas
536 2489 574 2548 ita
587 2488 751 2547 celebrandi
764 2489 987 2547 matrimonium
999 2532 1006 2555 ,
1017 2506 1076 2563 quo
1092 2489 1158 2553 vir,

157 2584 188 2634 et
202 2575 359 2634 l'oeminain
373 2574 465 2650 ligura
480 2572 661 2632 matrimonii
673 2570 790 2647 publica
802 2572 955 2647 degentes,
965 2580 995 2627 et
1008 2571 1044 2626 de
1053 2570 1160 2644 quibus

156 2660 239 2719 nulla
252 2659 330 2736 viget
341 2658 471 2717 criminis
479 2656 652 2733 suspiei0,iu
662 2655 776 2712 occulto
788 2663 885 2711 tamen
894 2653 1088 2711 concubinatu
1097 2669 1161 2727 per-

155 2752 293 2803 severent
302 2764 311 2818 3
320 2740 404 2802 sarcilia
417 2742 498 2800 enim
511 2740 635 2817 quisque
649 2735 785 2812 conjiciet
797 2780 805 2806 ,
816 2734 905 2812 quam
915 2736 1057 2793 absonum
1069 2744 1159 2805 esset,

156 2846 208 2889 cos
225 2826 244 2886 h
261 2834 338 2885 statu
351 2825 545 2885 damnationis
564 2841 618 2900 per
636 2823 760 2898 gratiam
776 2821 948 2880 sacramenti
962 2821 1160 2894 revocandos,

156 2913 193 2972 ad
207 2909 324 2989 publice
340 2907 574 2969 contrahendum
588 2906 812 2965 matrimonium
833 2905 949 2983 praeviis
963 2905 1162 2967 denuntiatio·

156 2997 247 3058 nibus
271 2995 418 3070 compelli.
443 2995 523 3052 Hane
548 2990 618 3050 verb
639 2994 754 3068 praxim
784 2992 866 3050 vobis
890 2990 1028 3050 duximus
1055 3010 1161 3071 propu-

156 3078 314 3149 nendam,
341 3078 486 3154 nunquia
510 3076 687 3154 dispensatio
709 3076 858 3151 praemisso
873 3077 950 3135 casui
972 3075 1067 3136 saliam
1091 3098 1162 3138 euu-

155 3172 261 3243 gruat‚
278 3160 346 3221 crim
362 3161 411 3222 alii
433 3160 562 3230 similes,
579 3168 608 3218 et
632 3159 752 3218 sortasse
764 3161 946 3237 urgentiores
959 3178 1020 3220 esse
1034 3163 1159 3238 possint,

154 3246 319 3324 inquibus
347 3244 508 3323 dispensari
532 3244 667 3321 expediat
685 3264 694 3319 3
725 3247 779 3303 sed
799 3246 875 3322 quia.
889 3247 978 3305 uestri
1011 3247 1161 3321 pastoralis

154 3330 245 3392 officii
263 3338 359 3407 partes
376 3330 484 3389 versari
501 3327 608 3387 debent
629 3329 660 3387 iu
684 3327 785 3389 sedulii
811 3329 1009 3406 investiganda
1033 3328 1161 3401 legitima

154 3425 187 3475 ct
204 3414 320 3491 urgenti
335 3431 419 3473 causa
438 3413 683 3489 dispensationis,
706 3407 744 3472 ne
765 3414 949 3472 irratrimonia
962 3407 1074 3471 occulte
1088 3407 1161 3462 cele-

154 3498 242 3558 brata
263 3498 410 3558 luctuosos
426 3495 552 3556 habeant
568 3498 683 3571 exitus,
705 3516 777 3574 quos
799 3500 903 3556 iutiruu
919 3492 1013 3552 cordis
1035 3503 1160 3546 murore

153 3597 371 3641 recerrsuiurus.
1149 3601 1153 3612 2
