2642 4150
367 176 371 181 ·
458 158 536 219 Poro
551 155 687 218 emendo.
701 157 800 237 Copta
810 159 839 218 1.
936 166 940 171 ’
1113 164 1150 223 rt

134 262 252 340 namin
266 263 363 323 torma
372 255 663 321 Brevisdedimusad
677 275 778 319 omncs
787 257 944 335 Episcopus
956 257 1037 319 orbis
1049 259 1152 321 estho-

135 349 285 409 liciniano
307 344 403 414 titt,
420 358 548 419 quaram
566 341 672 418 prime
687 341 850 419 incipiunt,
869 342 941 403 lico
954 341 1151 422 coaptans,-

136 419 238 491 altcroe
249 427 341 500 verd,
354 429 396 488 Jtt
409 441 559 504 suprema.
572 426 632 485 Nos
645 423 776 502 prolecto
792 425 867 486 nulli
881 444 1022 504 umquem
1036 427 1150 503 elargiti

135 532 242 576 sumas
253 513 332 573 vesei
346 510 502 581 carnibus,
516 507 585 568 edm
601 515 718 586 tempus
734 510 987 588 Quadragesimre,
1000 511 1151 570 sirealiud

134 599 287 676 jejunium
312 594 505 673 precipitur,
532 592 591 652 uisi
616 592 748 659 indicti.
770 594 937 671 scriptique
960 594 1152 667 conditione,

139 701 230 760 quom
246 679 384 759 supcrids
401 676 709 739 commemoravimus.
724 679 881 761 Maximum
895 679 1005 756 pariter
1018 680 1150 740 letitiam

138 768 353 846 percepimus,
376 762 446 824 eum
469 761 594 821 redditae
618 762 705 822 nobis
731 763 852 823 suerunt
876 763 975 841 plures
994 765 1150 842 epotato,

138 870 175 912 oc
194 851 331 913 mandato
351 858 468 919 vestra,
489 847 606 906 Litteris
629 848 924 924 nostrisepostolicis
944 849 1066 909 omnind
1080 868 1152 910 coo·

140 944 297 1005 sentanca,
310 933 421 1011 quibus
434 948 491 1009 pro
499 932 581 990 virili
598 941 681 1007 parte
693 931 883 991 contendistis
901 931 1044 993 adducere
1056 952 1152 1013 popo-

141 1021 189 1085 los
204 1020 289 1081 vobis
312 1017 478 1095 subjectos,
501 1019 737 1095 utpropositam
760 1017 871 1079 inillis
894 1017 1080 1096 disciplinam
1102 1019 1152 1100 pii

140 1111 305 1164 servarent.

182 1188 305 1252 lateam
320 1186 516 1265 promulgatis
532 1183 637 1256 iisdem
652 1187 818 1263 apostolicis
828 1187 964 1266 bitteris,
978 1206 1050 1266 quos
1062 1187 1151 1266 pauld

141 1271 213 1332 ante
222 1271 441 1333 nominavimus
451 1312 460 1342 ,
471 1271 571 1347 plures
579 1268 957 1353 cavillationescxcogitate
968 1283 1036 1333 sunt
1047 1274 1064 1333 l
1077 1293 1154 1335 uon·

143 1356 253 1426 nullis,
268 1353 312 1415 uti
328 1373 381 1414 nos
392 1363 475 1417 antee
491 1354 568 1413 sacili
581 1352 751 1428 conjecture
764 1357 903 1432 suspicati
919 1358 1040 1417 fuimus.
1050 1358 1153 1418 Plures

142 1441 236 1499 etiam
260 1439 433 1516 quaestiones
453 1438 612 1516 preposite
632 1437 720 1499 nobis
743 1438 886 1509 luerunt,
912 1440 1008 1514 exigui
1032 1442 1152 1517 quidem

144 1523 288 1601 ponderis
302 1540 335 1582 ae
352 1523 512 1594 momenti,
532 1519 788 1599 quemadmodum
808 1539 864 1581 nos
888 1524 1066 1601 opinamur,
1085 1523 1153 1585 edm

144 1609 207 1669 itte
231 1607 277 1671 vel
300 1608 391 1685 ipsius
412 1609 484 1686 legis
505 1606 624 1681 verbis,
644 1606 691 1664 vel
709 1624 796 1669 sensu
816 1605 934 1685 penitius
950 1615 1107 1678 corruant,
1121 1628 1153 1670 ae

141 1693 354 1753 dissolvantur.
368 1694 506 1753 Attamen
519 1709 607 1752 »sacro
630 1691 773 1751 tribunali
797 1700 905 1753 uoetrae
923 1693 1153 1755 Ponitcutiario

143 1794 247 1845 rorum
263 1776 435 1852 hujusmodi
450 1774 565 1845 conscio
577 1814 585 1848 ,
598 1794 630 1834 ae
642 1776 839 1853 peritissimo,
850 1783 967 1838 casdem
980 1778 1153 1856 questiones

140 1860 350 1939 expendendas
365 1860 585 1935 commisimus,
601 1860 709 1937 quibus
727 1862 866 1923 omnibus
889 1860 976 1940 plenia
990 1863 1153 1924 cumulote-

142 1963 225 2023 quc,
245 1945 361 2021 quotics
374 1963 460 2022 ,opus
479 1944 555 2015 luit,
578 1944 725 2004 satisfecit.
749 1960 751 1963 ·

182 2022 427 2107 archiepiscopus
435 2029 657 2105 compostellae,
668 2029 918 2109 iudispsniarum
929 2032 1155 2110 regaisprimus

140 2105 328 2191 inquisitor,
349 2113 523 2191 nuperrime
545 2115 604 2174 vitai
627 2113 765 2186 iunctus,
792 2116 911 2193 longam
937 2118 979 2175 ad
999 2135 1052 2177 nos
1073 2119 1155 2179 dedit

140 2198 398 2275 epistolamque
420 2198 520 2275 plures
543 2199 714 2260 recensebat
734 2200 944 2271 difficultates,
960 2220 1030 2279 ,qvam
1049 2202 1154 2261 litteris

144 2281 256 2344 comis
268 2282 444 2359 Apostolicis
461 2284 705 2355 adversabantur,
719 2283 1056 2362 premindsexeoutioni
1071 2291 1155 2347 uiam·
1199 2309 1203 2314 ’

142 2365 306 2438 darentur,
324 2362 360 2425 ed
382 2363 463 2441 qttbd
484 2367 621 2439 nonnulli
636 2363 784 2446 ¹*theologi
800 2370 835 2428 iu
855 2367 985 2432 diversas
1003 2373 1155 2449 opiniones

143 2466 179 2508 ae
199 2447 359 2510 sententias
378 2448 496 2510 abirent
517 2451 549 2512 iu
571 2452 720 2512 solvendis
738 2453 915 2529 quibusdam
928 2457 1154 2531 pomoerium,

144 2531 253 2609 quibus
263 2532 381 2592 Litterae
396 2541 504 2610 nostroe
514 2537 830 2612 apostolieaecousttm,
844 2548 874 2598 ct
885 2539 1066 2599 occasionem
1080 2558 1157 2616 proc6

144 2617 277 2690 bebant3
297 2635 332 2678 ac
355 2617 481 2698 proinde
502 2618 548 2696 de
564 2619 623 2677 illis
645 2618 794 2693 judicium
815 2629 950 2680 nostrum
969 2623 1154 2699 exquirebat.
1220 2675 1225 2682 .

145 2689 292 2777 Equidem
311 2689 528 2780 archiepiscopi
550 2703 657 2777 litterae
677 2704 1000 2780 nos.gravissimis1,.ac
1018 2706 1156 2778 difficilli-

145 2785 204 2843 mis
226 2784 410 2860 temporibus
432 2794 587 2864 occupatos
611 2784 885 2865 deprehenderunt.
906 2789 1062 2864 Attamen,
1083 2790 1156 2855 ddm

145 2868 325 2946 quaestiones
342 2867 374 2928 in
389 2869 629 2949 ipsisexpositas
649 2873 872 2949 percurrimus,
890 2876 986 2934 visum
1003 2872 1091 2938 nobis
1113 2891 1156 2941 cst

146 2967 209 3010 non
228 2951 350 3028 quidem
372 2954 489 3030 expeti,
510 2959 544 3013 u't
570 2955 836 3032 iis'quaestionibus
855 2975 1028 3037 responsum
1048 2963 1154 3039 tieret,

146 3031 278 3111 ipsisque
307 3036 559 3116 solutis-nullum
587 3038 868 3117 impedimentum-,¹
885 3045 945 3102 sive
973 3045 1155 3107 obstaculum

146 3120 256 3177 nostris
272 3119 389 3178 Litteris
405 3122 581 3198 apostolicis
598 3133 783 3201 superesset,
803 3126 853 3184 sed
873 3126 970 3204 potiris
987 3139 1020 3189 ut
1035 3131 1156 3210 objectis

145 3202 386 3266 cavillationibus
396 3205 437 3284 ad
455 3215 589 3283 optatum
601 3206 696 3272 finem
709 3209 780 3287 ipse
790 3210 913 3272 numme
929 3195 1153 3276 adducerentur.

146 3286 268 3345 Accedit
288 3288 397 3361 etiam,
412 3288 493 3367 quiid
514 3289 642 3370 Epistola
652 3289 870 3374 Archiepiscopi
884 3299 985 3358 multis
998 3319 1155 3377 argumen-

146 3369 332 3442 tationibus,
358 3381 388 3431 et
415 3372 546 3433 obscuris
569 3374 691 3436 vocibus
712 3380 916 3441 redundaret:
938 3384 1153 3460 quamobrem,

146 3450 217 3512 licet
235 3454 337 3536 plures
354 3454 563 3533 hortarentur,
578 3478 616 3536 ne
630 3461 726 3521 ullum
742 3464 967 3543 Archiepiseopo
982 3481 1154 3541 responsum

145 3533 365 3631 redderemus·²
379 3539 424 3603 illi
442 3550 545 3611 tamen
564 3543 777 3623 satisfecimus,
799 3568 846 3609 res
866 3550 1026 3627 psraeoipues
1043 3563 1078 3609 ex
1092 3545 1155 3627 ejus
