2642 4150
193 205 250 269 570
316 273 321 281 ‚
600 197 831 273 Iladea'llerrurt.

231 311 414 392 Nuaipoataa
432 313 469 392 air
488 303 666 369 excusentur
678 306 715 367 ab
727 305 871 367 audienda
886 307 993 384 missa?
1005 302 1027 366 i.
1039 303 1068 368 l.
1086 327 1117 369 6.
1128 311 1197 372 606.

193 412 337 557 ANeutc
352 430 391 471 an
415 410 506 490 possit
526 407 634 470 uehere
657 404 933 470 meretricantur.
955 409 986 469 5.
1002 426 1086 471 nem.
1108 412 1157 473 76.
1172 432 1198 474 e.

220 515 241 557 at
260 503 370 557 ouum.

230 604 403 667 Necessitas.
425 605 469 666 De
489 604 659 665 necessitate
675 601 824 682 spirituali
849 601 988 680 proximi.
1010 600 1031 663 l.
1055 605 1084 667 5.
1098 624 1133 666 6.
1152 608 1198 669 tt.

194 689 238 749 De
257 692 425 750 necessitate
437 689 593 767 corporali.
609 705 694 748 oum.
716 689 764 747 51.
785 690 828 747 lle
850 687 1020 749 necessitate
1039 693 1199 751 communi.

193 791 227 833 6.
241 774 290 834 50.
307 773 460 846 Quomodo
478 781 596 834 excuset
619 773 774 832 necessitas
790 771 827 831 ad
851 771 1048 832 laborandum
1064 773 1198 835 infestis.

193 855 214 917 l.
226 861 257 919 1.
267 876 300 919 rt.
316 860 394 920 aaa:
406 860 452 919 Ob
467 860 585 939 qualem
610 857 811 920 necessitatem
828 856 914 917 liceat
930 859 1046 917 aulerre
1058 859 1199 920 alienum.

192 944 213 1007 ἱ.
239 947 269 1004 la.
288 962 321 1005 rt.
339 945 407 1006 600.
433 946 493 1005 Fur
510 959 718 1005 consummans
733 960 798 1002 rem
816 941 846 1001 in
863 950 1004 1006 extrema,
1016 944 1199 1019 necessitate.

194 1029 265 1092 ibid.
287 1047 315 1088 v.
339 1030 396 1105 Qu.
416 1029 476 1090 lv.
497 1031 543 1090 dn
556 1038 687 1089 cessante
701 1027 870 1088 necessitate
888 1029 1070 1088 restituenda
1094 1029 1134 1089 sit
1156 1047 1201 1089 res

193 1113 310 1174 ablata?
322 1113 362 1175 ib.
376 1133 405 1174 o.
421 1114 480 1189 Qu.
501 1115 536 1174 V.
549 1113 594 1174 An
614 1111 696 1171 dives
718 1110 873 1171 satisfaciat
893 1112 1078 1172 mutuando?
1090 1111 1164 1175 ibid.
1176 1121 1203 1175 et

192 1216 253 1279 seq.
274 1199 422 1259 Audires
443 1216 503 1258 uon
521 1196 699 1256 subveniens
724 1197 847 1276 pauperi
871 1197 902 1257 in
918 1206 1054 1257 extrema
1077 1195 1202 1258 necessi-¹

194 1292 272 1351 tate,
294 1292 429 1344 teneatur
452 1280 792 1343 adrestitutionemir'b.
817 1298 846 1341 6.
869 1281 928 1356 Qu.
947 1283 1000 1344 VI.
1021 1283 1068 1342 66
1085 1283 1204 1350 debitor

194 1369 370 1429 constitutus
394 1368 426 1427 16
445 1368 615 1427 necessitate
637 1374 773 1425 teneatur
794 1364 831 1425 ad
851 1364 1091 1426 restitutionem?
1105 1365 1155 1428 tit.
1170 1370 1200 1428 1.

193 1472 227 1512 n.
249 1454 318 1515 701.
338 1463 367 1514 et
385 1472 418 1513 6.
438 1454 508 1514 705.
522 1452 568 1512 Aa
587 1450 673 1511 liceat
693 1450 805 1511 clericis
815 1449 958 1528 negotiari
969 1452 999 1510 in
1013 1452 1202 1512 necessitate?

194 1535 216 1597 1.
235 1542 265 1600 l.
287 1559 320 1600 n.
335 1540 402 1600 857.
423 1539 456 1598 16
472 1536 642 1598 necessitate
661 1543 818 1614 parentum
841 1552 901 1595 666
920 1534 987 1595 licet
1002 1535 1072 1596 liliis
1088 1533 1201 1613 ingredi

194 1624 379 1702 religionem.
394 1619 415 1683 1.
429 1625 459 1683 6.
470 1641 503 1683 rt.
519 1623 568 1683 66.
580 1622 626 1681 An
649 1630 806 1681 teneantur
826 1618 927 1696 egredi
940 1620 965 1680 si
984 1621 1044 1681 sint
1060 1621 1201 1699 professi?

193 1726 227 1766 6.
249 1707 299 1768 67.
319 1706 496 1769 Prohibetur
520 1705 694 1786 parentibus
719 1705 785 1765 lieri
804 1705 956 1783 religiosos
979 1707 1011 1766 in
1033 1707 1202 1767 necessitate

194 1794 337 1855 liliorum.
360 1812 391 1854 6.
414 1796 463 1855 60.
486 1794 532 1855 An
556 1792 641 1853 liceat
656 1791 828 1869 relinquere
839 1792 944 1852 iratres
962 1792 994 1853 in
1009 1793 1201 1853 necessitate?

67 1919 78 1932 ·
193 1897 226 1940 n.
240 1883 290 1942 70.
305 1880 464 1941 Necessitas
484 1894 624 1940 excusans
645 1876 802 1955 pastoresia
817 1876 984 1937 residentia.
1001 1873 1022 1937 i.
1039 1878 1068 1937 6.
1085 1896 1117 1937 a.
1133 1878 1199 1938 176

194 1981 225 2024 o.
248 1966 292 2026 11.
315 1965 477 2025 Necessitas
490 1979 631 2023 excusans
652 1962 809 2022 canonicos
823 1960 839 2020 6
853 1963 956 2022 choro.
977 1980 1009 2023 6.
1025 1962 1093 2023 150.
1107 1979 1137 2021 v.
1153 1963 1199 2023 11.
1295 2027 1296 2050 χ

194 2049 354 2112 Necessitas
375 2048 574 2112 Eucharistiae.
597 2044 618 2107 i.
631 2048 661 2109 6.
673 2066 705 2108 e.
722 2047 852 2119 limi
865 2055 895 2108 et
906 2065 938 2108 6.
961 2048 1028 2110 106.
1045 2049 1079 2109 16
1100 2063 1199 2112 netes·

194 2136 281 2196 sitate
292 2154 330 2196 aa
345 2137 431 2196 liceat
443 2135 614 2195 ministrare
624 2143 840 2193 sacramentum
860 2134 1198 2194 inmortalitatem.
1294 2134 1295 2149 ³

196 2222 241 2315 16
255 2222 298 2280 uti
310 2220 450 2298 opinione
467 2218 597 2279 tenuiter
609 2216 779 2295 probabili?
790 2234 821 2278 rt.
838 2218 905 2278 105.
918 2235 949 2278 6.
964 2218 1028 2279 111.
1041 2226 1073 2278 ct
1086 2234 1120 2277 rt.
1134 2218 1198 2279 185.

195 2319 274 2365 atreo
319 2323 351 2362 a.
631 2352 634 2357 .

203 2418 206 2425 ¹
233 2303 443 2465 Necfomortiia
456 2400 528 2483 quid
540 2402 587 2465 sit.
602 2399 623 2464 l.
635 2405 666 2465 l.
684 2423 716 2464 6.
731 2406 760 2466 6.
777 2423 807 2464 6.
823 2404 988 2467 Divinatio.

233 2502 415 2585 Nepotiutt'o,
428 2512 459 2565 ct
477 2503 643 2586 Nepotieri.
661 2505 739 2578 Quid
754 2506 792 2565 sit
810 2507 987 2586 negotiatio,
1004 2515 1034 2568 et
1055 2508 1202 2586 quomodo

196 2591 337 2661 clericis,
362 2598 393 2650 ci
413 2590 558 2668 religiosis
584 2588 762 2668 prohibita?
789 2586 841 2652 tit.
869 2593 899 2651 1.
925 2609 958 2651 6.
978 2592 1047 2652 851.
1080 2594 1124 2651 De
1143 2593 1202 2651 lilio

197 2675 364 2756 negutiante
374 2693 441 2735 cum
453 2684 545 2752 patre.
557 2670 579 2734 1.
598 2675 627 2733 l.
644 2694 678 2733 6.
703 2675 761 2733 till
779 2683 809 2734 et
830 2693 861 2736 rt.
888 2676 956 2736 010.
980 2675 1204 2753 Negotiantibus

195 2779 263 2839 quoe
278 2761 523 2838 interrogationes
539 2758 688 2818 iaciendas.
712 2760 810 2820 Pras.
833 2756 963 2839 Corseas.
989 2777 1075 2819 uum.
1095 2760 1146 2821 60.

234 2855 409 2939 Neophytos
420 2876 480 2919 non
496 2865 592 2939 potest
611 2857 752 2918 ordinari.
764 2853 786 2917 1.
798 2859 827 2920 6.
838 2876 870 2919 6.
882 2860 952 2921 781.

233 2955 351 3019 Nobilis
368 2957 416 3017 vir
427 2959 545 3035 quando
555 2958 671 3019 dicatur
683 2976 744 3019 esse
758 2959 790 3019 in
802 2967 933 3020 extrema
946 2964 1126 3023 necessitate.
1136 2957 1160 3022 l.
1172 2962 1202 3023 i.

195 3064 227 3105 6.
248 3044 315 3104 670.
331 3061 359 3102 6.
382 3042 511 3102 Certum.
533 3044 647 3105 Nobilis
671 3043 719 3104 air
743 3061 832 3121 quem
859 3043 951 3122 pudet
974 3045 1143 3106 mendicare
1166 3064 1206 3106 an
1290 3114 1291 3129 χ

197 3128 288 3208 possit
299 3126 430 3206 accipere
443 3127 596 3186 alienum?
605 3125 679 3190 ibid.

233 3225 612 3302 turcomanorum.
675 3280 681 3287 .

233 3329 382 3476 Noctptfirpi
401 3319 550 3419 16016616
567 3348 606 3389 an
622 3331 735 3407 possint
756 3331 938 3395 abinvicem
956 3334 1110 3411 separari?
1128 3328 1150 3392 l.
1174 3334 1202 3393 6.

199 3436 283 3478 atum.
363 3457 372 3473 .

199 3556 203 3561 -
236 3518 351 3577 Nomen
373 3516 586 3595 imponendum
608 3517 638 3576 in
659 3518 817 3597 baptismo.
835 3516 857 3579 i.
877 3522 908 3582 6.
934 3538 967 3580 a.
992 3520 1061 3579 tlt.
1078 3518 1206 3579 Nomine
1288 3532 1289 3559 t

197 3598 409 3679 episcoporum
429 3604 480 3680 qui
495 3604 624 3665 veniant.
640 3598 661 3662 i.
677 3604 707 3664 7.
724 3621 756 3663 6.
775 3603 825 3663 70.
846 3604 925 3678 Quid
944 3605 1068 3666 nornine
1080 3599 1207 3663 016166-
1287 3674 1288 3677 ¹
