2642 4150
180 247 185 260 ⁸
511 157 772 263 ’61666666
1092 191 1151 252 ror

151 333 155 340 .
184 285 243 363 Qu.
255 287 305 350 eo.
316 283 476 348 lomnes
488 286 618 346 interire
632 329 641 356 ‚
655 294 685 348 el
700 286 806 348 forne
820 294 1071 350 monumemtum
1089 293 1151 352 sint

147 369 164 438 i
188 374 306 437 cbristo
332 372 537 431 determinate
561 371 592 431 in
622 372 741 449 specie?
771 373 914 450 Negntum
936 382 981 433 est
1001 374 1033 435 iu
1056 375 1150 452 priori

146 460 226 522 libro
241 454 306 536 (ool.
323 457 392 516 866.
409 454 600 531 61696866
617 455 648 515 in
660 454 718 516 bec
738 455 868 519 6666666
891 457 1062 537 oppositum
1081 465 1152 538 pro·

147 542 275 603 habilius
292 542 390 600 visum
407 547 461 598 est.
483 539 519 601 L.
533 543 562 599 6.
579 557 612 599 n.
636 542 684 599 12.

183 630 243 702 Qu.
256 629 305 688 61.
326 628 372 686 66
394 636 493 702 peccet
508 627 636 703 graviter
657 623 791 687 minister
802 627 956 687 conterens
970 637 1151 690 sacramento

145 714 179 773 in
202 711 342 782 mortali,
359 711 474 770 etiamsi
495 709 533 769 66
553 710 630 770 11166
646 728 707 769 666
730 712 768 770 sit
791 713 956 788 specialiter
973 712 1150 784 ordinatus,

144 797 194 855 rel
215 797 240 856 si
263 795 435 854 solemniter
462 811 522 854 non
544 796 720 854 ministret?
749 798 895 874 Negetum
920 805 966 856 est.
993 795 1024 857 iu
1057 797 1151 875 priori

143 880 224 944 libro
242 875 308 957 (col.
324 880 391 939 696.
414 885 443 937 61
454 879 548 956 oet).
567 878 624 938 Sed
643 877 694 938 hie
708 878 880 940 affirmatur.
895 882 929 940 L.
947 883 978 940 6.
996 900 1031 941 n.
1047 884 1097 941 5⁶2.
1188 909 1192 958 3

184 966 243 1036 Qu.
268 964 316 1021 ot.
338 964 383 1021 An
404 973 502 1039 peccet
532 963 662 1039 graviter
680 963 814 1021 sacerdos
843 965 1014 1024 ministrans
1038 964 1152 1025 866116-
1189 960 1192 967 ’

146 1048 265 1109 ristiem
286 1046 447 1105 inmorteli
460 1051 476 1105 l
491 1048 526 1105 ln
545 1046 637 1123 priori
656 1046 734 1105 libro
746 1043 812 1122 (col.
825 1049 894 1107 666.
909 1066 939 1108 6.
958 1048 1007 1108 An
1030 1051 1154 1128 661666.)

147 1130 309 1209 probabilis
330 1130 405 1190 dicto
422 1139 467 1191 oet
486 1131 631 1191 sententia
645 1131 795 1209 negativo.
815 1132 872 1192 Sed
886 1126 935 1192 bic
958 1150 1025 1193 eom
1043 1134 1154 1196 retute-

147 1232 226 1275 mus.
242 1215 277 1275 L.
291 1216 320 1274 6.
336 1233 369 1274 6.
383 1215 437 1275 56.

187 1299 248 1372 Qui
270 1301 320 1359 66.
348 1301 393 1359 Au
421 1298 560 1359 minister
579 1299 671 1377 possit
694 1297 766 1360 dore
792 1306 1008 1362 sacramentum
1031 1300 1155 1379 indigno

147 1383 186 1446 ob
200 1392 315 1444 nectum
328 1383 457 1444 mortis?
480 1384 516 1442 lu
539 1385 632 1461 priori
650 1383 727 1444 libro
748 1381 814 1463 (col.
834 1386 904 1444 696.
920 1384 1000 1447 Dub.
1019 1384 1062 1463 6.)
1084 1403 1155 1464 pro-

146 1466 254 1544 hobilie
271 1468 334 1527 risa
354 1477 400 1528 est
409 1470 554 1530 sententie
569 1467 756 1529 affirmativa.
774 1468 833 1529 Sed
849 1465 899 1528 hlc
920 1470 1086 1547 ncguuvun
1109 1476 1154 1528 te-

149 1568 265 1612 nemus.
286 1554 321 1612 L.
343 1556 372 1613 6.
388 1571 420 1612 n.
441 1553 491 1611 to.
628 1583 631 1588 >

186 1638 244 1711 Qu.
268 1638 316 1698 (ib
340 1638 386 1697 86
407 1637 530 1697 clericus
548 1635 718 1697 titinnius
739 1637 771 1697 in
794 1636 868 1698 vitio
887 1636 969 1715 turpi
1001 1640 1049 1697 rel
1071 1634 1154 1711 elio,

148 1722 414 1782 rolensoocendero
433 1722 470 1780 66
490 1721 625 1782 ordinem
638 1735 773 1793 oncrum,
794 1722 886 1799 possit
903 1720 1013 1782 absolvi
1034 1740 1071 1783 ex
1088 1725 1156 1783 sim·

147 1806 271 1884 plicibus
285 1806 377 1885 signis
398 1807 639 1866 extraordinariis
649 1852 660 1883 ‚
686 1806 802 1866 tontum
822 1806 1035 1868 sufficientibus
1054 1808 1093 1868 od
1113 1827 1157 1871 66·

146 1899 328 1951 crumentum
344 1890 523 1968 poenitentioe
542 1891 788 1967 suscipiendum?
802 1893 837 1951 16
858 1891 952 1968 priori
975 1891 1053 1950 libro
1073 1892 1155 1952 offir-

147 1981 261 2033 metunt
285 1980 330 2033 est
345 1970 409 2050 [col.
430 1974 498 2038 698.
518 1975 636 2047 Qrtcerer
649 1973 697 2035 liic
715 1974 769 2054 6.).
782 1974 839 2034 Sed
863 1971 912 2033 hic
932 1983 1076 2051 negetur,
1097 1976 1155 2036 nisi

146 2057 232 2137 vuldo
249 2058 483 2135 extraordinario
501 2059 582 2139 signe
603 2061 762 2131 66666661,
785 2078 853 2137 qum
876 2057 1055 2137 probitatem
1076 2059 1156 2138 posi.

149 2145 241 2204 liram
262 2145 425 2205 Ordinoudi
448 2145 615 2206 ostendunt.
645 2143 848 2207 videtote
864 2143 990 2205 Ditecrt.
1013 2163 1046 2209 6.
1065 2147 1117 2206 65.

184 2229 242 2302 Qu.
255 2230 305 2290 66.
326 2232 373 2290 An
383 2229 546 2307 secerdotes
559 2230 737 2291 ordinentur
753 2248 808 2308 per
821 2230 915 2291 solem
935 2246 1078 2289 munuum
1098 2230 1156 2291 im·

145 2314 352 2390 positionem?
374 2316 408 2373 ln
428 2315 519 2391 priori
542 2314 620 2374 libro
637 2312 702 2395 (661.
727 2317 797 2376 866.
824 2312 870 2374 tir.
893 2313 943 2391 F.)
973 2315 1154 2393 negavimus.

145 2395 266 2543 {cubic
288 2398 493 2460 nisumntirom
513 2400 692 2460 sententiam
723 2398 956 2479 probabiliorem
990 2416 1155 2461 conoemrro.

177 2483 234 2543 .6.
253 2501 288 2543 rr.
309 2484 379 2549 769.
571 2546 575 2554 ,

186 2566 245 2640 Qu.
261 2569 311 2629 66.
333 2570 380 2629 nn
398 2567 594 2633 moribundos
619 2567 672 2644 qui
699 2564 788 2626 mone
818 2565 1069 2637 communicarit,
1089 2582 1158 2643 pos·

147 2649 189 2711 eit
208 2651 310 2712 cidem
327 2653 375 2715 die
387 2671 504 2715 sumere
520 2652 669 2713 viaticum
683 2648 860 2709 adveniente
872 2647 999 2716 morbo?
1018 2650 1052 2709 ln
1064 2650 1157 2727 priori

147 2735 231 2798 libro
243 2735 307 2816 (col.
321 2739 388 2798 668.
403 2734 448 2798 lit.
469 2737 520 2815 Δ.)
541 2736 725 2815 probabilem
746 2733 877 2793 diximus
900 2732 1075 2792 sententium
1097 2731 1158 2797 on

151 2821 381 2895 affirmativum,
400 2823 493 2901 quim
514 2822 693 2899 negativum.
719 2818 777 2879 Sed
810 2815 859 2878 bic
877 2815 1107 2893 distinguimus,
1130 2819 1156 2880 oi

150 2904 271 2966 morbus
283 2907 322 2966 sit
337 2908 500 2975 naturalis,
517 2916 567 2966 out
587 2906 746 2965 violentus.
764 2904 800 2963 L.
816 2904 845 2963 6.
856 2921 888 2961 6.
909 2900 1071 2965 8861766.
1088 2903 1119 2963 6.
1149 2944 1151 2951 ‚

188 2990 247 3062 Qu.
260 2989 310 3049 67.
326 2990 373 3050 rin
390 2990 530 3050 66661666.
539 2990 689 3068 negligens
700 2987 799 3047 dicem
817 2989 941 3047 Sacrum
959 2989 1157 3064 promissum,

146 3090 243 3151 porro
262 3074 409 3153 stipendio
431 3083 571 3152 eccepto,
592 3075 728 3151 graviter
750 3076 875 3150 peccet?
902 3073 937 3131 ln
961 3071 1055 3150 priori
1082 3072 1159 3135 libro

150 3153 362 3233 (6667616.
382 3158 428 3237 C.)
440 3160 569 3218 dixiunrs
583 3157 770 3235 probabilem
788 3156 961 3217 seutentiam
981 3156 1158 3235 regionem.

149 3242 208 3302 866
231 3238 498 3303 biceffirmetivom
516 3251 664 3302 tutamur.
684 3241 722 3300 L.
735 3243 765 3302 6.
781 3259 814 3301 n.
833 3242 904 3301 517.
918 3241 1026 3318 6666.
1045 3239 1111 3298 ΙΙΙ.

151 3372 156 3379 .
191 3325 250 3399 Qu.
265 3327 315 3386 68
332 3327 550 3405 Aulipiscopus
558 3324 649 3402 possit
661 3325 809 3387 moderari
824 3343 983 3386 numerum
1004 3321 1160 3381 missenum

152 3408 174 3472 6
191 3417 332 3471 teotntore
349 3411 654 3490 prescriptorumilrt
669 3411 764 3489 priori
783 3410 861 3469 libro
869 3409 988 3468 dictum
1001 3412 1160 3477 66166666,

153 3496 180 3556 si
200 3495 313 3554 tructus
331 3505 525 3575 congruentes
543 3513 603 3558 uon
627 3494 831 3576 percipiuntur
848 3488 914 3570 (col.
934 3489 1003 3551 680.
1028 3483 1077 3546 tit.
1096 3486 1160 3564 F.)-

150 3576 215 3638 866
235 3575 284 3639 lric
301 3586 436 3657 negetur.
452 3580 489 3640 L.
503 3581 533 3641 6.
549 3598 583 3641 o.
596 3577 768 3665 6616016·
784 3579 830 3643 1..
