2642 4150
185 191 241 255 tlt
381 190 427 250 De
444 201 634 249 romonotmn
649 182 766 265 Pontis.
777 156 911 258 uerno,
924 194 977 247 etc.

184 292 355 364 commisso,
377 309 445 370 qum
473 287 549 351 sdob
570 306 691 366 gravem
724 288 854 351 honestis
879 289 994 369 piisque
1019 288 1193 355 hominibus

183 394 341 441 moerorcm
365 375 618 437 astutissimam
645 374 756 450 igitur,
788 375 840 451 qui
859 374 1054 453 speculatores
1082 375 1191 437 domus

183 462 272 524 lsrael
290 461 368 542 (qum
391 468 435 521 ost
446 467 544 521 sancta
561 457 698 536 Ecclesia)
721 458 873 520 constituti
890 476 1013 529 sumus,
1026 462 1120 539 etqui
1135 480 1191 539 pro

182 545 321 627 pastorali
342 553 444 606 nostro
465 560 590 604 munere
613 559 717 602 cavere
735 541 925 602 debemusne
941 541 1105 603 dominicus
1118 563 1191 624 grex

182 631 268 694 nobis
280 627 424 690 divinitus
440 627 569 688 creditus
584 627 682 698 ullum
703 626 846 688 domnum
865 626 1015 705 patiatur,
1039 629 1191 702 existimaf

183 732 249 776 mus
273 713 306 774 in
329 730 414 773 causa
435 720 495 772 tam
513 711 596 789 gravi
611 728 674 771 non
696 728 779 789 posse
800 709 837 770 ab
851 710 975 788 impuris
1000 709 1109 772 borum
1134 712 1191 775 bo·

183 798 299 860 minum
314 797 467 857 conatibus
481 794 651 857 cohibendis
664 794 820 856 abstinere.
844 793 986 873 Exemplo
1005 796 1096 854 etiam
1108 815 1191 858 com·

184 881 435 944 movemurielicis
444 880 656 943 recordationis
664 877 1148 941 ClementisXIi.etBenedictin
1153 883 1189 944 V.

145 1038 148 1042 .
184 966 430 1044 praedeeessorum
450 974 651 1038 nostrorum,
676 981 806 1042 quorum
826 964 901 1024 alter
926 972 1031 1040 quarto
1054 964 1190 1027 calendas

183 1050 274 1126 majas
293 1051 363 1112 anni
377 1051 526 1111 millesimi
538 1048 790 1129 septingentesimi
809 1047 953 1126 trigesimi
966 1048 1060 1108 octavi
1079 1051 1189 1110 consti·

183 1135 298 1196 tutione
319 1136 360 1195 in
382 1134 545 1206 eminenti,
565 1134 640 1194 alter
660 1132 776 1194 decimo
799 1134 904 1209 quinto
928 1130 1062 1193 calendas
1085 1136 1189 1213 aprilis

182 1219 252 1279 anni
271 1218 421 1279 millesimi
436 1217 687 1297 septingentesimi
711 1215 949 1295 quinquagesimi
970 1216 1059 1295 primi
1077 1219 1189 1278 consti·

183 1301 298 1362 tutione
310 1300 479 1376 Providus,
498 1303 678 1363 damnarunt
692 1308 723 1362 et
748 1298 965 1378 prohibuerunt
976 1302 1125 1361 societates
1142 1299 1188 1362 de'

150 1455 156 1466 x
183 1380 269 1447 liberi
279 1388 441 1464 tnumtori,
455 1404 507 1448 seu
523 1384 572 1449 deo
586 1384 835 1466 [rencs-inopom,
856 1391 908 1443 aut
925 1384 985 1446 olio
1001 1402 1188 1465 quocumque

183 1471 304 1532 nomino
322 1489 378 1553 pro
397 1472 553 1551 regionum
579 1479 609 1532 et
636 1469 811 1532 idiomatum
834 1469 976 1530 varietate
1003 1470 1187 1548 appellatas,

183 1571 310 1633 quorum
326 1558 497 1619 societatum
512 1553 634 1617 iortassd
651 1572 782 1634 propago
805 1553 852 1615 vel
875 1550 956 1615 certe
978 1554 1105 1617 imitatio
1124 1553 1188 1616 hac

186 1640 433 1704 Corbmtmioonm
459 1643 581 1703 societas
608 1639 803 1702 existimanda
831 1647 886 1702 est.
906 1642 943 1700 Et
966 1638 1187 1719 quamvisjam

183 1726 298 1787 duobus
330 1726 433 1786 edictis
454 1743 509 1804 per
529 1734 661 1787 nostram
695 1733 787 1787 status
814 1725 1006 1787 Secretarism
1028 1726 1188 1805 propositis

182 1806 259 1869 banc
285 1810 455 1872 societatem
484 1812 614 1889 graviter
636 1828 691 1871 nos
715 1808 983 1890 prohibuerimus3
1009 1821 1188 1873 memoratos

182 1901 281 1955 tamen
312 1894 535 1973 prodecessores
567 1904 683 1956 nostros
708 1903 863 1973 sequentes
887 1911 989 1973 graves
1021 1912 1120 1973 poenas
1154 1896 1188 1956 in

182 1976 258 2040 hanc
273 1979 442 2041 societatem
459 1980 629 2041 solemniori
648 1980 768 2058 quidem
789 1981 903 2042 ratione
919 1979 1116 2040 decernendus
1131 1998 1190 2059 pu·

182 2070 309 2125 tamma
337 2065 500 2144 presertim
519 2062 588 2126 oium
609 2062 787 2128 Carbonorii
806 2065 913 2144 passim
934 2064 1131 2138 contendant,
1154 2085 1189 2126 so

182 2150 295 2212 duabus
313 2150 372 2212 iliis
389 2147 545 2213 Clementis
569 2151 649 2212 XII.
669 2161 701 2213 et
719 2150 871 2213 Benedicti
888 2152 980 2214 XIV.
1000 2152 1188 2213 constitutio·

182 2233 271 2377 pibus
296 2251 357 2377 pon
383 2232 619 2314 comprehendi,
639 2252 696 2298 neo
726 2235 879 2299 sententiis
897 2244 928 2296 ct
954 2236 1051 2314 posuis
1074 2236 1188 2299 inillis

194 2318 248 2379 atis
263 2335 296 2377 su
316 2316 380 2396 jici.

218 2402 326 2463 Audita
346 2402 437 2481 igitur
453 2405 803 2486 selectaCongregatione
819 2406 1034 2468 venerabilium
1047 2407 1188 2468 Fratrum

182 2496 352 2551 nostrorum
365 2491 396 2551 S.
409 2492 446 2550 ii.
456 2493 490 2552 E.
504 2492 723 2566 cardinalium,
733 2502 764 2555 et
775 2493 814 2554 do
825 2495 889 2570 ejus
901 2494 1040 2566 consilio,
1050 2512 1084 2555 oc
1096 2495 1189 2555 etiam

182 2584 264 2636 motu
284 2576 469 2654 proprio,et
489 2595 526 2639 ex
548 2588 625 2640 certa
646 2578 768 2640 scientia
788 2598 822 2640 oc
842 2588 959 2640 maturo
973 2579 1188 2642 deliberatione

182 2669 301 2731 nostra,
324 2661 419 2740 deque
434 2663 599 2742 apostolicoe
620 2666 769 2743 potestatis
787 2664 992 2743 plenitudine,
1013 2664 1185 2742 predictam

182 2745 349 2807 societatem
375 2747 652 2822 Carbonoaimnnt,
678 2749 808 2811 autulio
843 2766 1031 2828 quocumque
1063 2748 1187 2809 nominc

182 2830 376 2906 appellatam,
396 2830 461 2908 ejus
486 2841 598 2905 coetns,
623 2842 804 2908 conventus,
823 2835 1028 2904 collectiones,
1043 2849 1193 2910 aggrega-v

182 2914 276 2975 tiones
288 2957 296 2985 ‚
309 2917 512 2978 conventicula
523 2918 689 2981 damnanda
706 2928 738 2981 et
755 2919 937 2998 prohibenda
949 2937 1012 2982 osse
1026 2917 1187 2979 statuimus

120 3000 124 3005 ’
181 3007 214 3060 ot
228 2999 429 3074 decrevimus,
442 3013 532 3081 prout
546 3005 684 3082 presenti
704 3013 804 3069 nostra
814 3004 958 3087 perpetuo
970 3004 1095 3066 valitura
1112 3020 1187 3065 eon·

182 3084 334 3145 stitutione
352 3084 526 3148 damnamus
546 3096 576 3148 et
588 3087 789 3169 probibemus.

219 3167 360 3242 Quocirca
375 3172 514 3233 omnibus
535 3181 566 3234 ct
585 3174 708 3251 singulis
730 3174 994 3238 christifidelibus
1016 3170 1188 3250 cujusnam-¹
1235 3210 1253 3219 --

182 3270 241 3334 que
271 3260 389 3324 status,
411 3254 537 3334 gradus,
564 3258 763 3332 conditionis,
792 3259 925 3332 ordinis,
943 3258 1119 3337 dignitatis,
1150 3275 1188 3329 ac

183 3338 411 3416 preeminencie
423 3382 432 3412 ,
446 3341 508 3401 sive
519 3341 600 3403 luicis
615 3344 678 3403 sive
698 3344 810 3405 clericis
822 3353 882 3403 tam
897 3343 1083 3404 saecularibus
1093 3339 1187 3419 quum

181 3421 392 3501 regularibus,
415 3423 505 3486 etiam
525 3426 658 3505 specifica
677 3436 709 3488 et
731 3428 885 3506 individua
903 3429 1052 3489 mentione
1079 3434 1110 3486 et
1132 3443 1188 3486 ex·

182 3507 334 3584 pressione
353 3507 469 3589 dignis,
489 3509 621 3574 districte
638 3521 670 3573 et
690 3514 723 3574 in
742 3515 853 3575 virtute
875 3522 982 3576 sanotm
1007 3511 1189 3573 obedientias
1309 3586 1310 3593 ἵ

182 3589 389 3671 precipimus,
404 3593 522 3675 nequis
539 3596 595 3661 sub
613 3596 717 3676 quovis
734 3607 877 3679 pretextu
889 3603 940 3660 aut
949 3596 1072 3678 quaesito
1083 3595 1189 3661 colom
