2642 4150
368 204 371 209 ⁴
477 176 554 236 Pori
566 169 704 234 stercutio.
722 175 819 254 Caput
833 176 860 234 1.
937 196 944 205 «
1125 178 1171 238 -25

164 281 284 342 deuotio·
305 285 463 358 suggeret,
483 287 598 356 peccato
618 289 670 338 sue
695 278 839 356 expiare,
862 285 895 341 et
919 278 992 340 Deo·
1006 278 1172 349 satIslacere

161 365 334 443 negligant,
353 362 519 440 quinimmo
540 361 677 422 sanandis
694 363 888 436 vulneribus,
908 363 1017 441 quibus
1041 362 1170 429 bumana

160 448 320 509 infirmitas
328 448 476 507 sauciatur
487 491 494 519 ,
504 447 675 524 diligentem
685 444 967 509 adhiberestudcont
974 448 1168 518 curationem,

158 543 194 593 ut
213 532 314 611 culpas
325 531 365 592 de
377 530 528 591 mundano
542 532 663 610 pulvere
679 540 862 603 contractos,
879 531 952 594 ddm
965 541 1041 593 casta
1055 530 1168 608 jejunio
1228 598 1235 611 ‘

159 618 325 695 decoquere
339 634 400 676 non
419 626 560 694 possunt,
576 617 623 693 pia
643 633 732 693 opera
748 659 756 686 ‚
771 617 939 676 orationum
960 615 1116 693 suffragia,
1138 622 1169 675 et

158 705 354 781 eleemosynas
372 718 499 760 munera
515 699 674 760 redimant.
690 701 813 760 interim
834 702 972 761 solatium
986 710 1016 760 et
1032 701 1167 760 levamen

158 804 219 847 non
230 786 424 846 levemoerori
434 784 560 845 nostrol
572 785 708 862 pastorali
719 785 869 862 vigilantia
879 794 909 845 et
920 783 1060 845 charitate
1070 794 1166 844 vestra

157 874 381 953 prestolantes,
393 868 517 931 occertb
536 870 621 933 nobis
635 870 825 946 pollicentes,
845 871 1032 947 apostolicam
1045 868 1167 929 benedi·

157 958 286 1016 ctionem
295 974 362 1015 eum
369 955 454 1015 uberi
465 954 625 1014 eoelestium
635 953 932 1034 charismatumcopia
940 955 1125 1032 conjunctam
1133 953 1165 1014 iu

148 1041 275 1100 'medem
285 1040 409 1119 populos
419 1045 530 1098 rastros
537 1039 771 1099 redundaturum
780 1040 895 1112 ,vobis,
907 1039 1090 1100 uenerabiles
1100 1039 1166 1097 Fra·

156 1133 229 1195 tres,
237 1132 422 1202 peramanter
433 1123 631 1200 impertimur.
641 1124 786 1183 Volumus
794 1133 893 1187 autem
909 1169 917 1198 ,
932 1133 966 1185 ut
975 1122 1165 1203 presentium

159 1208 353 1286 transumptis
374 1208 437 1267 sive
462 1208 604 1284 exemplis
621 1207 710 1267 etiam
739 1210 907 1286 impressis,
927 1227 1018 1270 manu
1040 1205 1165 1283 alicujus

156 1293 266 1352 trotarii
289 1288 399 1370 publici
419 1291 611 1369 subscripta,
629 1299 660 1351 et
683 1291 778 1369 sigillo
804 1311 937 1371 personas
963 1293 995 1352 in
1019 1292 1164 1369 dignitate

152 1377 349 1436 ecelesiastica
361 1377 526 1444 constitutos
544 1377 687 1445 munitis,
702 1376 805 1435 eodem
825 1376 945 1454 prorsus
960 1376 1071 1452 ubique
1090 1375 1163 1441 [ides

156 1458 335 1519 adhibeatur
346 1503 354 1529 ‚
366 1478 428 1536 quae
436 1460 631 1538 praesentibus
647 1458 839 1520 adhiberetur
851 1503 860 1530 ,
871 1469 901 1517 et
914 1458 1045 1518 adhiberi
1054 1468 1161 1535 posset,

155 1544 183 1602 si
199 1542 295 1602 lorent
307 1541 459 1617 exhibitae,
477 1545 524 1604 vel
537 1553 672 1604 ostensae.
690 1545 798 1602 Datum
814 1545 917 1603 Romus
935 1542 1010 1621 apud
1026 1543 1162 1603 Sanum

152 1626 280 1686 blaciam
293 1627 434 1705 Majorem
445 1629 500 1688 sub
522 1630 632 1688 annulo
646 1629 801 1688 Piscatoris
821 1628 870 1689 die
887 1628 1036 1707 trigesima
1052 1628 1160 1691 mensis

152 1708 222 1788 bloji
239 1729 316 1771 anno
331 1713 488 1772 millesimo
511 1713 771 1791 septingentesimo
795 1714 1017 1794 quadragesimo
1037 1715 1157 1795 primo,

152 1795 345 1858 Pontificattis
359 1798 454 1859 nostri
467 1815 545 1858 anno
560 1799 669 1876 primo.

654 1948 695 2008 D.
712 1946 1077 2013 CordinolisPossioueus.

432 2116 607 2206 nutstutl
621 2117 827 2178 uucrcttct
843 2121 881 2179 ll.

379 2325 383 2328 -
478 2301 563 2344 suren
584 2302 676 2346 coucu
696 2305 820 2349 retento.
888 2346 892 2356 ,

187 2449 222 2509 in
235 2467 373 2527 suprema
385 2450 557 2511 universalis
567 2454 700 2513 Ecclesia
716 2460 940 2533 procuratione,
961 2464 1075 2522 moritis
1085 2461 1153 2525 ttctt

144 2532 332 2610 imparibus,
346 2550 400 2609 per
415 2533 593 2596 inellobilcm
608 2538 717 2596 divinae
730 2539 868 2598 bonitatis
878 2543 1105 2616 abundantiam,
1120 2555 1154 2605 ut

145 2615 317 2677 orthodoxae
327 2616 396 2677 fidei
418 2629 593 2690 assertores,
618 2621 660 2679 sic
675 2622 764 2679 etiam
778 2624 974 2683 ecclesiastice
991 2625 1153 2704 disciplina

145 2700 281 2761 custodes
306 2719 340 2761 ac
368 2701 499 2763 vindices
526 2704 698 2777 constituti,
716 2704 967 2783 quadragesimale
989 2712 1151 2786 praesertitn

141 2780 310 2858 jejunium,
332 2786 502 2864 quodinter
523 2791 670 2868 precipua
693 2789 863 2852 orthodoxe
881 2792 1041 2872 disciplima
1057 2799 1150 2878 capita

143 2879 264 2945 semper
277 2877 307 2929 ct
327 2871 438 2948 ubique
452 2873 490 2931 ab
505 2873 570 2950 ipso
591 2874 719 2934 ecclesia
733 2875 854 2936 exordio
879 2890 1067 2943 numeratum
1089 2902 1150 2947 esse

142 2965 234 3009 nemo
248 2970 285 3011 ex
301 2954 452 3015 catholicis
475 2956 646 3030 inficiatur,
662 2959 699 3017 ab
712 2957 854 3020 hodierna
872 2961 1072 3039 jejunantium
1085 2987 1150 3030 cor·

141 3036 260 3111 ruptela
277 3037 446 3109 vindicare,
467 3047 497 3099 et
519 3040 551 3099 in
573 3042 750 3119 pristinam,
770 3043 936 3122 omnuim,
961 3047 1150 3116 benedicente

140 3115 292 3212 Domino,
314 3119 379 3180 lieri
393 3130 508 3199 posset,
529 3124 744 3185 observantiam
765 3147 902 3189 revocare
914 3135 1062 3211 cupientes
1074 3182 1083 3209 ,
1095 3156 1149 3218 per

141 3198 215 3258 altas
235 3210 351 3262 nostras
364 3205 395 3264 in
409 3208 497 3266 simili
519 3207 614 3269 forma
631 3211 735 3270 Brevis
753 3212 864 3273 litteras
888 3215 925 3275 ad
941 3219 1148 3283 Fraternitates

140 3291 253 3346 vestras
274 3287 323 3345 die
336 3289 431 3349 XXX.
443 3291 577 3369 proxime
589 3293 679 3372 elapsi
702 3299 811 3358 mensis
831 3300 899 3377 bloji
916 3307 1061 3364 currentis
1076 3306 1146 3364 anni

139 3365 224 3427 datas
244 3372 389 3432 eximium
410 3374 640 3437 Fraternitatum
658 3389 822 3450 vestrorum
844 3387 940 3446 zelum
958 3387 1146 3448 excitandum

139 3453 326 3526 curavimus,
346 3464 380 3515 ut
393 3456 566 3520 adlaborare.
580 3461 751 3542 studeretis,
767 3486 805 3527 ne
817 3467 870 3527 bac
882 3470 913 3527 in
927 3481 1009 3545 porto
1022 3478 1051 3526 et
1064 3477 1146 3547 opta·

138 3535 206 3595 tum
230 3540 398 3617 apostolice
416 3552 524 3608 nostre
535 3541 742 3612 sollicitudinis
761 3552 920 3630 angoribus
944 3549 1093 3630 levamen,
1115 3562 1146 3613 et

876 3649 879 3656 .
958 3630 991 3691 ³5·
