2642 4150
175 194 235 257 lib
400 190 447 254 Ds
458 192 649 252 romanorum
660 183 778 270 Pontes.
791 186 929 265 demtis,
941 193 995 251 ete.

172 297 326 359 stavisscot
341 295 455 356 danum
475 292 612 366 celem,
631 298 663 353 et
678 289 835 371 participes
850 290 918 352 iacti
935 297 1032 353 esem
1046 289 1176 372 Spiritus

173 382 270 442 Sancti
292 424 302 453 ,
324 377 433 441 deinde
458 385 557 439 tamen
580 374 748 442 miserrime
770 374 899 453 prolapsi
923 382 1012 450 sunt,
1034 385 1065 437 ct
1086 387 1178 441 sectas

173 464 239 525 illas
265 472 451 543 smauntur,
475 461 537 522 siva
561 460 594 522 ia
612 459 822 536 inferioribus,
847 459 954 521 sivein
974 461 1179 540 superioribus
1212 509 1219 521 .

173 565 278 610 euram
297 546 436 626 madibus
460 551 637 622 versentur,
672 552 860 623 peramanter
880 543 919 604 ad
939 560 994 604 nos
1026 561 1177 607 sommus.

174 629 245 709 Ejus
264 633 343 692 enim
364 631 428 691 vico
446 630 622 709 fungentes,
646 629 700 708 qui
717 627 864 707 professus
883 636 929 690 ast
947 643 1009 690 noa
1021 630 1136 691 venisse
1147 648 1180 693 sa

174 731 277 776 vocare
285 713 380 794 justos
392 715 444 776 sed
456 721 642 793 peccatores,
658 721 691 774 ct
708 728 741 773 sa
759 713 868 790 pastori
884 714 1094 793 oequiparavit,
1107 716 1179 793 qui,

174 800 278 860 relicto
300 800 417 878 reliquo
438 816 546 879 grege,
560 796 783 860 sollicitiorem
803 798 910 873 querit
925 814 1015 875 quam
1029 797 1180 878 perdiditr

175 900 224 943 eos
243 882 399 944 hortamur
415 893 447 946 et
471 884 684 953 obsecramus,
707 890 743 943 ut
766 879 804 940 ad
816 879 966 942 Christum
978 892 1179 946 revertantur.

175 968 314 1042 Quamvis
334 969 415 1029 euim
436 967 566 1030 maximo
591 984 623 1027 se
644 966 807 1045 polluerint
826 965 971 1038 crimine,
990 982 1051 1026 non
1071 966 1182 1027 debeat

175 1060 273 1112 mmen
296 1052 450 1113 deliciet
473 1052 542 1112 lesu
563 1051 675 1131 Christi
691 1049 758 1112 Filii
775 1046 838 1126 ejus
856 1048 1056 1111 misericordia
1072 1058 1103 1111 et
1120 1051 1181 1110 elc-

174 1136 285 1197 mentia
303 1137 469 1215 desperare.
488 1133 641 1215 Recipiunt
659 1135 751 1215 igitur
779 1150 842 1194 sess
862 1134 980 1194 modern
1003 1134 1181 1213 aliquando,

175 1230 206 1281 ct
220 1219 331 1283 iterium
346 1221 384 1282 ad
401 1223 501 1282 lesum
524 1219 674 1282 Christum
701 1236 757 1299 pro
776 1220 813 1279 iis
831 1220 921 1280 etiarn
937 1236 1054 1297 passum
1080 1221 1184 1280 conlu-

174 1306 278 1385 piant,
301 1307 353 1385 qui
374 1324 479 1369 corum
496 1287 726 1383 rcitpisccnuam
748 1321 810 1367 non
832 1302 922 1366 modd
941 1322 1002 1365 non
1020 1304 1181 1384 despiciet,

175 1391 227 1452 sed
255 1392 335 1469 ima,
355 1391 393 1452 ad
421 1392 513 1452 instar
534 1392 727 1452 amantissimi
749 1388 843 1469 patris
866 1390 918 1467 qui
945 1388 1023 1450 lilios
1043 1389 1182 1468 prodigos

174 1473 351 1551 jamdudum
374 1482 529 1553 expectat,
556 1472 752 1536 libentissimi
772 1473 907 1553 accipiet.
932 1474 993 1534 Nos
1018 1472 1119 1545 verb,
1146 1482 1183 1534 ut

149 1621 152 1624 ,
177 1557 321 1637 qaantirm
343 1558 374 1619 iu
396 1559 482 1620 nobis
495 1566 549 1627 est,
563 1575 613 1622 eos
629 1559 789 1620 excitemus
801 1567 832 1618 ct
848 1556 1009 1618 taetriorem
1023 1558 1184 1619 iissterna·

178 1661 244 1704 tuus
260 1645 339 1704 viam
362 1642 400 1702 ad
418 1643 644 1721 penitentiam,
665 1642 871 1721 suspendimus
887 1643 924 1702 ad
941 1642 1091 1721 integrum
1109 1643 1183 1703 anni

177 1727 328 1804 spatium,
346 1736 413 1804 post
435 1726 594 1804 publicatas
616 1736 730 1787 nostras
754 1725 806 1786 has
825 1727 995 1805 apostolicas
1019 1727 1132 1787 litteras
1149 1726 1184 1787 in

177 1811 299 1888 regione
321 1810 354 1870 in
376 1826 434 1887 qua
461 1816 637 1882 morantur,
666 1818 732 1871 tum
753 1811 963 1888 obligationem
984 1809 1183 1880 denuntiandi

177 1911 246 1956 suos
267 1894 299 1954 in
318 1895 404 1954 sectis
429 1892 488 1953 illis
509 1894 623 1966 socios,
643 1901 708 1954 tum
728 1894 817 1956 etiam
829 1895 1058 1956 reservationem
1078 1910 1186 1955 censu·

177 1995 280 2039 rarum
302 1978 332 2039 in
346 1995 418 2056 quas
436 1978 522 2038 sectis
544 1977 602 2038 illis
617 1995 727 2040 nomen
738 1978 842 2039 dantes
856 1978 1043 2053 inciderunt,
1056 1994 1184 2056 eosque,

175 2065 266 2126 ctiam
285 2081 345 2125 non
362 2062 542 2124 denuntiatis
565 2063 781 2145 complicibus,
803 2063 914 2126 absolvi
939 2063 977 2125 ab
998 2064 1035 2125 iis
1053 2063 1186 2125 censuris

178 2169 263 2231 posse
291 2149 471 2210 declaramus
491 2147 510 2209 d
532 2167 720 2229 quocumque
746 2150 944 2223 contemno,
967 2149 1056 2211 modb
1079 2151 1119 2210 sit
1147 2167 1187 2211 ex

177 2252 282 2299 corum
305 2251 430 2295 numero
449 2233 500 2312 qui
524 2232 543 2294 d
565 2234 698 2296 locorum
714 2236 746 2296 in
763 2235 871 2313 quibus
890 2236 1003 2313 degum
1019 2235 1186 2296 Ordiuariis

179 2317 333 2400 approbati
357 2325 438 2377 sunt.
462 2317 558 2390 Quam
583 2318 675 2378 etiam
708 2320 878 2381 facilitatem
895 2319 927 2378 in
947 2335 1017 2393 cos,
1038 2319 1090 2395 qui
1108 2318 1187 2379 forte

176 2408 212 2466 in
239 2401 318 2463 Urbe
349 2409 528 2473 morentur,
567 2400 763 2463 adhibendam
798 2403 1013 2464 constituimus.
1040 2402 1127 2476 Quod
1159 2404 1186 2465 si

177 2486 326 2564 quispiam
351 2503 387 2545 er
415 2485 471 2556 iis,
494 2503 569 2565 quas
595 2503 675 2546 nuuc
699 2487 902 2566 alloquimur,
925 2487 966 2547 ita
987 2489 1124 2566 pertinax
1146 2487 1186 2548 sit

177 2570 270 2647 (quod
288 2572 366 2630 Deus
388 2570 656 2632 misericordiarum
679 2573 766 2632 Pater
786 2571 932 2650 avertat),
949 2580 984 2633 ut
1000 2572 1184 2644 committat,

179 2655 254 2716 illud
273 2655 415 2734 temporis
428 2654 556 2732 spatium
577 2655 658 2734 quod
675 2655 893 2735 designavimus
910 2657 968 2717 labi
981 2698 990 2727 ,
1003 2656 1078 2734 quin
1096 2664 1188 2717 sectas

179 2740 244 2816 illas
265 2739 379 2798 deserat
396 2746 427 2798 et
451 2737 521 2800 reri
541 2742 691 2818 resipiscat
702 2760 711 2817 ς
724 2757 761 2802 eo
779 2741 883 2820 lapso,
901 2737 1042 2801 coutiaud
1059 2748 1089 2799 et
1108 2741 1186 2801 obli·

178 2825 260 2901 patio
293 2822 488 2883 denuntiandi
512 2826 670 2903 complices
698 2834 729 2886 et
757 2842 947 2886 censurarum
970 2824 1130 2884 reservatio
1152 2825 1183 2888 in

179 2922 249 2964 cum
272 2904 450 2976 reviviscet,
472 2923 526 2966 nec
542 2907 758 2970 absolutionem
783 2909 919 2989 deinceps
946 2910 1106 2987 impetrare
1132 2926 1185 2987 po·
1282 2971 1285 2977 „

181 2989 271 3056 terit,
291 2987 347 3046 nisi
368 2987 549 3049 denuntiatis
566 2999 651 3052 untca
678 2993 886 3073 eomplicibus,
901 2993 949 3053 vel
972 2994 1076 3054 saltem
1100 2990 1206 3070 jura,

181 3079 283 3132 mento
310 3071 418 3131 emisso
437 3072 475 3131 de
503 3073 540 3132 iis
564 3076 787 3155 quamprimum
812 3078 1042 3152 denuntiandis;
1067 3094 1123 3138 nec
1146 3079 1183 3138 ab

153 3186 159 3194 ·
181 3155 239 3215 alio
260 3154 369 3232 poterit
382 3155 419 3215 iis
440 3158 572 3218 censuris
597 3161 671 3220 solvi
694 3161 783 3239 quiam
802 3161 820 3222 ia
842 3164 949 3233 nobis,
974 3160 1051 3221 rell
1074 3164 1182 3223 nostris

180 3239 411 3311 succcessoribus,
431 3250 483 3300 aut
504 3241 542 3301 ab
571 3243 607 3303 iis
628 3244 718 3322 quii
738 3246 813 3307 Sede
839 3246 995 3326 apostolica
1018 3244 1055 3304 ab
1080 3244 1184 3307 iisdem

178 3322 348 3383 absolvendi
361 3324 584 3402 impetraverint
598 3328 777 3390 facultatem.

223 3406 369 3467 Volumus
389 3417 506 3481 autem,
529 3409 608 3488 qtrdd
625 3415 814 3490 presentiam
831 3423 999 3475 nostrarum
1018 3411 1184 3471 litterarum

183 3493 373 3569 transumptis
392 3493 479 3552 ctiam
502 3495 673 3574 impressis,
697 3515 787 3559 manu
803 3499 925 3575 alicujus
945 3494 1052 3557 notarii
1074 3491 1183 3572 publici

184 3572 372 3654 subscriptis,
395 3583 426 3637 ct
450 3577 546 3658 sigillo
562 3598 695 3662 personae
713 3583 745 3643 in
762 3582 903 3662 dignitate
915 3577 1105 3643 ecclcsiastisa
1117 3592 1184 3637 con-
