2642 4150
157 182 158 185 '
185 196 244 257 {48
607 189 763 272 Appendia
796 195 797 198 ’
892 198 894 202 ’

186 295 399 357 absolutionem
418 294 436 355 i
456 290 584 361 casibus,
600 293 720 370 quidam
739 292 887 351 affirmant
906 290 1016 369 requiri
1031 293 1189 369 specialem·

184 379 402 456 deputationem
412 397 466 455 pro
476 393 662 455 quocumque
678 394 743 435 casu
756 376 943 454 particulari,
957 377 1077 434 attentis
1091 378 1189 436 verbis

185 463 367 533 Tridentini,
385 477 438 543 per
457 477 503 531 se,
525 468 580 519 ant
593 458 739 518 vicariam
756 457 795 518 ad
813 457 844 518 id
861 454 1024 538 specialiter
1042 457 1191 537 dapnton«

185 543 268 606 datm.
285 544 396 606 Verum
413 542 470 604 boc
486 561 546 602 non
565 543 713 617 obstante,
731 543 967 601 communissima
982 544 1127 601 mutantia
1142 552 1188 604 est

186 637 215 688 et
228 630 409 707 probabilior
430 644 497 686 cum
521 629 652 695 Saurea,
675 625 824 698 Sancbez,
845 624 1001 698 Barbam,
1025 627 1187 700 Navarra,

185 714 342 791 Laynnan,
357 713 402 771 La
420 711 527 778 Graia,
543 707 837 783 Salmanticensibus,
847 717 898 769 etc.
913 726 997 787 posse
1010 709 1187 788 Episcopum

185 796 272 854 ctiam
290 795 466 873 generalitor
489 793 624 872 delegare
643 794 731 853 alicui
755 792 898 851 sacerdoti
925 791 1001 850 banc
1019 792 1187 855 facultatem

185 895 247 955 cap.
272 878 388 949 Liceat,
410 875 572 937 dummodd
590 876 725 954 expressis
754 876 835 935 illam
860 876 1024 957 specificat,
1045 878 1187 951 quoniam

185 961 378 1037 specificando
395 961 457 1038 jam
473 959 599 1019 habetur
619 978 673 1038 pro
693 961 767 1019 sacta
788 959 919 1038 specialis
938 959 1106 1036 deputatio,
1120 979 1187 1037 qnae

185 1044 264 1105 recte
277 1045 397 1121 quidem
412 1045 521 1124 poterit
535 1044 604 1103 inde
627 1045 771 1120 generalis
792 1062 853 1103 esse
873 1060 926 1119 pro
940 1043 1052 1102 cunctis
1073 1044 1186 1102 casibus

185 1129 429 1203 omumcntibus3
450 1143 539 1200 nam,
561 1135 594 1186 ut
612 1126 762 1201 diximus,
781 1125 845 1186 hoec
865 1125 984 1185 facultas
999 1123 1085 1184 hodie
1104 1144 1187 1183 com·

186 1213 260 1290 petit
282 1212 432 1291 Episcopis
460 1210 495 1270 da
512 1208 583 1290 jure
604 1208 756 1271 ordinario
769 1255 777 1281 ,
791 1218 895 1288 utpote
918 1226 1026 1276 annexa
1047 1208 1187 1284 dignitati
1215 1267 1218 1273 ,

187 1297 355 1375 episcopali.
374 1294 445 1357 Vide
456 1292 508 1355 lit.
524 1298 553 1354 a.
568 1313 600 1354 n.
615 1295 682 1354 aaa.
696 1294 775 1355 Dnb.
787 1296 818 1354 9.

189 1403 193 1406 ’
225 1380 274 1439 aa.
286 1410 325 1425 -
334 1379 494 1439 Dubitatur
504 1380 534 1439 2.
551 1377 658 1439 Utralm
670 1380 829 1456 Episcopus
844 1377 995 1436 absolvere
1012 1377 1100 1453 possit
1112 1420 1121 1447 ,
1133 1387 1187 1438 aut

188 1461 339 1540 delegare,
354 1464 456 1542 vigore
475 1481 539 1541 cap.
557 1463 671 1532 liceat,
689 1463 854 1521 facultatem
875 1461 1042 1519 absolvendi
1058 1460 1147 1519 etiam
1170 1460 1188 1519 d

188 1547 301 1606 casibus
324 1548 479 1607 reservatis
496 1564 564 1605 cuna
584 1548 716 1605 censuris
734 1546 771 1605 ab
794 1547 858 1603 aliis
880 1545 1048 1622 Episcopis,
1068 1545 1187 1621 quando

186 1639 256 1688 saint
268 1631 394 1689 occulti?
406 1632 560 1689 Boraacina
569 1671 577 1695 ,
587 1637 617 1687 ct
630 1629 679 1688 alii
690 1630 837 1688 affirmant
849 1629 887 1686 ab
901 1628 1072 1704 particulam
1084 1626 1186 1700 etiam,

187 1729 253 1788 quaa
280 1714 311 1771 in
339 1712 442 1772 eodem
471 1714 564 1790 capite
584 1713 693 1789 legitur
716 1733 724 1770 :
751 1715 791 1772 In
816 1710 1046 1791 quibuscumque
1073 1710 1189 1771 asina
1227 1707 1231 1717 '

188 1792 309 1855 coniitia
320 1796 409 1855 etiam
423 1795 492 1857 Secia*
500 1794 665 1877 apostolicas
678 1795 843 1857 recalcatis.
855 1796 938 1854 Unda
954 1796 1057 1872 ajunt,
1069 1812 1107 1854 ne
1120 1814 1188 1874 par·

187 1879 276 1937 ticulu
291 1879 381 1939 aliana
397 1881 542 1940 inutiliter
558 1880 695 1940 videatur
714 1881 861 1958 apposita,
881 1878 1102 1954 intelligendam
1125 1897 1189 1938 esse

187 1979 350 2023 concessam
370 1964 518 2042 Episcopis
540 1964 707 2023 facultatem
729 1962 898 2024 absolvendi
915 1964 1003 2021 etiam
1023 1960 1040 2019 d
1058 1964 1190 2022 censuris

188 2048 309 2106 occultis
319 2048 355 2108 ab
368 2049 432 2109 aliis
441 2047 588 2127 Episcopis
598 2048 655 2107 sibi
666 2049 837 2124 reservatis3
851 2048 891 2107 ita
907 2049 1019 2106 Bonae.
1029 2044 1187 2107 deotmar.

188 2129 291 2206 ibique
302 2131 400 2201 addit,
413 2131 568 2193 bocvideri
581 2131 967 2208 receptumconsuctudine,
979 2148 1044 2206 quae
1054 2133 1189 2188 conterre

186 2213 260 2272 solet
272 2212 517 2289 jurisdictionem.
526 2219 598 2275 ltem
608 2216 708 2285 addit,
720 2216 775 2274 hoc
786 2214 1025 2291 intelligendum,
1037 2212 1123 2272 naodd
1135 2210 1190 2271 itta

186 2311 310 2377 censura
326 2295 389 2356 lata
399 2297 441 2357 sit
456 2315 510 2378 per
528 2306 691 2373 statutam,
706 2296 752 2359 oei
761 2317 814 2379 per
824 2298 996 2358 sententiam
1006 2294 1190 2375 peneraicm3

186 2396 256 2437 nam
276 2381 299 2438 si
315 2382 372 2440 lata
384 2382 422 2440 sit
437 2400 490 2458 per
501 2384 676 2442 sententiam
688 2385 914 2460 particularem,
927 2382 1092 2450 existimat,
1103 2380 1191 2438 abso-

187 2462 330 2522 lutionem
349 2464 575 2541 impendendam
594 2483 656 2525 esre
679 2469 694 2525 ai
716 2466 857 2537 Praelata,
879 2465 930 2542 qui
949 2481 1013 2522 eam
1034 2464 1122 2535 tulit,
1141 2465 1190 2523 vel

188 2543 252 2623 ejus
271 2548 443 2625 superiore,
464 2549 510 2607 vel
533 2565 708 2608 successore.
729 2550 834 2619 ilatio,
855 2551 923 2626 quia
948 2566 983 2608 co
1005 2565 1071 2606 casu
1083 2592 1094 2623 ,
1121 2545 1189 2606 cdm

187 2644 308 2689 censura
331 2631 387 2690 latu
414 2631 450 2690 sit
475 2648 528 2707 per
553 2632 728 2690 sententiam
748 2633 972 2707 particularem,
995 2630 1107 2688 crimen
1128 2647 1188 2688 uon

186 2713 371 2791 cstamplids
388 2714 622 2786 occultum,sed
644 2715 813 2791 publicnm3
834 2715 961 2789 citatque
985 2713 1075 2771 Saar.
1105 2720 1128 2772 t.
1158 2713 1187 2773 ὅ.

186 2794 263 2871 disp.
278 2798 307 2853 7.
320 2805 388 2855 seat.
401 2798 431 2855 2.
445 2815 478 2855 n.
490 2797 540 2855 27.
554 2793 660 2867 Acila,
680 2796 820 2857 Conincla.
838 2805 867 2856 et
883 2792 970 2854 aiios.
984 2794 1066 2854 ldem
1086 2804 1189 2854 tenent

188 2877 323 2939 Barbara
338 2879 458 2938 Collect.
470 2880 533 2937 DD.
545 2879 575 2937 in
589 2882 695 2939 concil.
709 2881 842 2940 Trident.
858 2898 928 2940 sesa·
945 2880 994 2938 al.
1008 2877 1044 2938 da
1056 2878 1189 2958 Resainan.

188 2982 214 3023 a.
233 2964 263 3020 6.
283 2960 366 3020 verb.
384 2963 584 3039 monetamque
602 2962 660 3021 sibi
682 2961 832 3034 sabditos,
860 2964 937 3022 intra
958 2978 1032 3038 quos
1052 2970 1191 3022 nrrmerat

186 3045 276 3103 ctiam
302 3044 426 3103 advenas
453 3051 482 3103 ct
512 3047 699 3122 peregrinos,
724 3057 754 3106 et
777 3048 865 3106 etiam
889 3046 1096 3124 vagabundos,
1120 3047 1190 3122 quia

188 3129 236 3189 isti
255 3126 424 3187 subduntur
436 3129 577 3205 Episcopo
594 3129 650 3187 loci
662 3131 775 3189 ratione
784 3131 840 3190 lori
856 3132 1028 3191 sacramenti
1041 3130 1193 3189 Poeniten·

187 3214 252 3281 tia,
277 3210 404 3288 citatque
422 3212 511 3271 Saar.
533 3210 681 3287 Sanciaez,
700 3214 815 3273 Novar.
843 3214 1001 3284 Resainan,
1021 3209 1191 3276 Trnlienalt.

186 3303 238 3355 ete.
255 3294 336 3353 roem
356 3293 445 3353 tradit
456 3294 591 3355 Barbara
602 3310 670 3355 cnm
688 3295 795 3356 aliisde
807 3299 916 3356 Potest.
929 3297 1030 3377 Epire.
1043 3293 1189 3374 edendi).

186 3397 218 3438 n.
236 3379 285 3438 27.
299 3378 392 3455 ldqua
408 3378 449 3437 ibi
466 3379 597 3438 referunt
615 3379 744 3437 decisum
761 3376 857 3440 Nisei,
880 3382 968 3441 Gara.
985 3379 1019 3439 dc
1040 3375 1135 3456 bones.
1153 3397 1191 3459 p.

187 3464 235 3522 tl.
250 3481 275 3521 aa
287 3465 335 3523 lb.
349 3481 381 3522 n.
396 3464 462 3523 aaa.
476 3461 510 3521 in
524 3464 553 3523 3.
569 3460 649 3522 Daci.
665 3464 834 3523 Ariaientoa.
854 3462 906 3526 tit.
922 3465 951 3524 7.
964 3463 998 3524 de
1019 3460 1141 3543 arripui.
1154 3483 1191 3525 n.

187 3544 401 3626 lbet-Stepla.
414 3544 537 3609 Daloin.
561 3545 595 3607 de
613 3549 722 3619 Potest.
741 3547 843 3625 Epist.
868 3567 934 3629 cap.
957 3551 1004 3609 26.
1025 3547 1192 3626 infinld
1222 3599 1227 3605 .
