2642 4150
181 146 219 205 so
374 143 419 202 De
443 154 632 202 rotunuormu
649 138 765 219 Pontis.
783 132 922 212 diociis,
936 146 989 200 etc.

184 243 266 308 Trici.
283 259 351 305 sess.
363 245 394 304 7.
408 260 434 303 e.
448 244 479 303 7.
493 240 565 303 dina
578 237 700 302 illorum
711 240 835 303 arbitrio
845 240 995 321 pennuit,
1006 240 1100 321 juata
1109 249 1184 319 ,teatr-

177 346 304 411 porum,
317 326 616 409 atqueinjunctorum
627 342 751 387 onerum
763 324 924 395 rationem,
933 342 1095 404 conqruum
1107 344 1184 407 pros·

179 411 265 474 dictis
285 409 404 473 chariss
422 409 574 491 fructuum
590 411 758 493 portianam
778 407 950 490 ossiqnare;
962 427 1050 487 quam
1065 409 1104 469 ob
1116 428 1183 471 cau·

179 513 242 557 saur
264 514 318 557 nos
341 496 430 556 etiam
450 492 696 557 Frateruitatibus
716 496 841 564 vestris,
866 490 1011 572 quatenias
1029 502 1103 570 opus
1122 494 1181 570 sit,

180 580 354 641 necessarias
367 597 468 641 omnes
484 584 514 637 et
531 586 719 657 opportunas
731 578 880 639 facultates
898 577 1104 656 impertimur,
1118 579 1183 656 qui·

179 661 362 740 buscumque
383 663 646 741 appellationibus,
659 660 841 740 privilegiis,
859 670 911 722 aut
930 660 1180 738 exemptionibus,

180 753 215 808 ut
233 748 264 806 in
282 746 386 811 eodem
406 747 537 807 Concilio
553 747 705 818 sancitur,
725 744 865 809 adversus
883 763 933 814 ca,
948 764 1014 822 quae
1026 744 1183 807 salubriter

179 826 197 889 l
218 830 301 891 vobis
323 831 480 891 constituta
498 830 625 902 fuerint,
646 827 771 890 minimis
789 828 1048 909 suffragantibus.v

219 912 287 974 llaec
309 914 401 992 igitur
419 915 494 973 eirea
515 915 635 977 missam
657 912 854 993 parochialem
876 912 1048 983 statuenda,
1071 921 1100 975 et
1115 914 1184 976 Fan·

180 997 481 1058 tetuitatibusuestris
492 996 690 1058 denuntianda
701 997 1049 1075 judicavimus.lndequc
1060 992 1183 1077 gradum

179 1083 316 1142 iacientes
335 1082 372 1141 ad
394 1099 450 1151 ca,
477 1100 543 1160 quae
565 1082 719 1161 pertinent
740 1082 776 1142 ad
799 1083 918 1143 missam
940 1084 1182 1162 conventualem,

181 1168 329 1227 neminem
341 1166 471 1227 vestrim
482 1168 573 1228 latere
586 1172 725 1245 putamus
739 1184 891 1244 sacrorum
900 1167 1050 1226 &nonum
1059 1171 1186 1228 sanctio-

180 1267 232 1312 nes
247 1296 256 1323 ,
273 1251 381 1329 quibus
399 1251 586 1330 praecipitur,
601 1258 634 1310 ut
653 1251 776 1329 singulis
789 1246 894 1309 diebus
905 1250 1077 1310 inlicclesiis
1094 1253 1185 1330 patri·

180 1333 362 1406 archalibus,
383 1334 635 1411 metropolitanis,
650 1330 879 1402 cathedralibus,
898 1340 928 1392 et
945 1332 1104 1421 collegiatis
1120 1334 1184 1395 tium

179 1417 433 1480 Horoe'eanonieac
448 1418 554 1478 debitis
573 1417 662 1478 modo
676 1424 706 1477 et
717 1417 811 1477 sormi
826 1416 1082 1490 consternatum
1095 1419 1184 1481 etiarn

178 1503 272 1564 misso
287 1497 488 1564 conventualis
506 1501 687 1578 celebretur3
699 1520 766 1579 quoe
777 1500 850 1561 adeb
862 1503 948 1561 elarm
960 1508 1045 1572 sunt,
1058 1512 1092 1562 ut
1104 1504 1183 1562 nulla

179 1602 268 1667 super
286 1587 322 1646 ils
341 1586 414 1645 oriri
432 1586 522 1664 possit
538 1585 700 1662 dubitatio,
715 1603 807 1663 eaque
826 1584 863 1645 de
882 1603 916 1644 re
934 1586 1093 1663 perspicuae
1106 1588 1185 1663 pari·

179 1678 242 1743 ter,
267 1678 297 1730 et
320 1670 494 1747 peremnia
515 1668 678 1728 uniformes
704 1669 834 1729 existunt
856 1668 1047 1739 resolutiones
1071 1669 1108 1729 ab
1131 1669 1185 1729 hoc

179 1754 404 1831 congregatione
421 1769 523 1811 vener.
541 1753 677 1811 Fratrum
697 1763 866 1813 nostrorum
883 1752 1185 1815 Concilii‘Tridtntini

180 1838 379 1914 interpretum
392 1837 525 1912 repetitis
534 1836 647 1895 vicibus
658 1846 818 1910 emanatas,
831 1855 902 1914 quas
915 1854 1016 1896 omnes
1029 1838 1185 1916 apostoliea

179 1922 352 1980 auctoritate
364 1923 462 1980 nostra
474 1919 694 1992 confirmamus,
706 1929 736 1980 et
746 1921 957 1998 approbamus,
968 1939 1069 1980 earum
1081 1931 1185 1981 execu-

162 2003 291 2064 tionem
311 2004 395 2063 vobis
413 2003 499 2063 enixi
519 2004 715 2076 inculcantes,
729 2010 763 2063 nt
778 2000 886 2065 scilicet
902 2000 994 2063 ortissu
1007 2013 1185 2065 cortoentua-

179 2084 235 2163 te,
251 2105 318 2168 qnoe
331 2085 457 2167 sinquiis
475 2086 576 2148 diebus
591 2087 712 2147 coutitur
728 2089 748 2145 ἁ
771 2083 845 2147 ciero
860 2085 1070 2168 praedictarum
1083 2086 1184 2147 Ecum·

179 2172 294 2234 siarum
306 2215 315 2244 ,
328 2188 383 2252 pro
401 2169 569 2231 eorumdem
582 2170 812 2252 benefactoribus
827 2173 860 2231 in
871 2189 974 2250 qencre
987 2170 1115 2252 quotidie
1129 2187 1186 2252 op*

177 2254 321 2337 plicabat,-
335 2254 439 2315 eodem
456 2253 576 2334 prorsuis
597 2255 706 2326 modo,
721 2272 780 2331 quo
797 2255 915 2314 missam
939 2253 1134 2332 parochialem
1146 2257 1187 2315 ab

149 2339 151 2342 ’
179 2340 233 2415 iis,
246 2339 297 2418 qui
309 2355 410 2397 euram
428 2339 594 2397 animarum
608 2348 734 2415 gerunt,
750 2358 803 2416 pro
820 2337 929 2415 populo
941 2338 997 2397 sibi
1011 2340 1184 2409 commisso,

179 2423 303 2501 singulis
323 2423 426 2481 saltem
448 2421 552 2481 dicbus
573 2423 654 2481 sestis
674 2423 712 2482 de
735 2432 901 2500 praecepto,
921 2419 1067 2500 applicari
1077 2422 1187 2482 dobere

180 2504 315 2584 superius
333 2505 555 2566 declaravimus.
573 2507 680 2585 ltaque
698 2504 766 2567 dote
783 2524 918 2587 meroni,
938 2514 973 2565 ut
984 2502 1096 2583 salsum
1113 2523 1187 2582 quo·

180 2588 318 2651 rumdam
336 2589 505 2669 opinionem
525 2585 701 2663 otiatinctis,
726 2609 817 2671 quom
839 2589 872 2649 'in
889 2587 1039 2669 aliquibus
1049 2586 1189 2650 Ecclesiis

179 2673 324 2758 ejusmodi
333 2675 391 2734 siue
405 2670 471 2734 doio
481 2670 574 2746 nauto,
588 2673 649 2735 siue
664 2691 861 2757 possesorem
877 2675 1020 2734 inuectum
1032 2689 1091 2733 esse
1103 2678 1189 2733 noui·

179 2757 478 2838 nausaquddnenrpe
495 2753 672 2818 diremisse
691 2756 892 2819 conventualis
912 2775 968 2838 pro
987 2763 1063 2817 certo
1085 2754 1195 2839 atiquo,

179 2838 526 2919 ecclesiasticamque,
544 2836 589 2899 aei
601 2840 684 2920 qroti
705 2841 802 2902 animi
818 2860 903 2921 erqo,
921 2837 968 2900 uel
983 2853 1020 2900 ‘ex
1038 2839 1071 2898 oi
1087 2840 1190 2901 oneres

179 2923 314 3005 impositi
332 2923 509 2996 celebratur,
526 2932 555 2985 tt
567 2920 757 3004 applicatur,
777 2926 851 2986 satis
865 2921 1020 3006 impletum
1038 2931 1192 2984 ceraseotar·

179 3007 529 3089 debitum'oppiicationt's
541 3006 639 3068 armate
657 3004 868 3069 conventualis.
882 3005 1003 3067 Etenim
1017 3005 1192 3085 hujusnrodi

179 3091 309 3154 debitum
322 3109 383 3152 nou
401 3090 520 3173 quidem
535 3089 654 3170 respicit
665 3087 830 3171 'sinqntarcs
844 3087 960 3178 aliquos
977 3090 1190 3169 benetuctorem

178 3174 230 3237 sed
249 3176 442 3257 benefactores
463 3174 496 3234 in
514 3189 617 3255 qenere
636 3171 791 3255 eujcesiibct
803 3171 962 3247 Erotium,
974 3174 1191 3257 cujusseruilio

180 3258 291 3321 addicti
304 3269 376 3321 sunt
395 3259 571 3338 quicumque
588 3258 621 3317 in
638 3257 739 3320 eudem
757 3258 818 3320 siue
837 3258 1014 3343 diquitoles,
1027 3258 1088 3338 sive
1100 3278 1190 3318 ecato-

179 3344 318 3417 uicotus,
340 3344 400 3404 sive
421 3344 697 3416 arausionoriotus,
719 3337 784 3405 siue
803 3343 940 3424 beneficio
960 3340 1190 3405 ohorula'o'obti-

97 3427 110 3458 *
179 3436 266 3504 nent,
278 3437 306 3488 et
314 3427 435 3489 missum
448 3426 665 3492 conuentuaiem
677 3428 740 3489 suis
752 3428 904 3510 respective
912 3427 1022 3490 oictbrrs
1031 3424 1189 3498 michront.

217 3511 318 3595 Neque
330 3510 429 3573 mimis
441 3509 666 3592 improbandum
685 3516 825 3579 noveritis
844 3511 972 3575 otiorum
994 3512 1191 3582 senitentiam,
