2642 4150
203 169 262 234 599
593 164 689 229 andex
700 166 822 229 99999999.

199 272 273 334 uum
295 271 416 352 quanto
431 270 544 351 99999
567 266 758 347 dispensatio.
774 289 808 330 a.
831 269 1135 332 losannensis
1158 270 1226 332 am·

198 357 359 436 petrandas
395 354 626 434 dispensationes
662 353 695 414 in
731 352 978 431 impedimentum
1015 354 1223 415 matrimonii.
1298 353 1299 434 9

199 461 233 501 a.
253 443 340 504 9997.
354 441 427 503 Aliae
448 439 584 500 lormuloe
603 439 635 501 99
653 438 888 518 irregularitate,
902 447 991 513 voto,
1010 446 1068 499 stc.
1089 437 1163 501 Vide
1186 439 1222 500 in

200 527 299 588 Pras.
311 525 479 607 Corascssor.
492 544 525 586 99.
539 525 590 585 87.

240 616 462 680 Poenitcutiarii
483 615 702 678 cathedralium
718 614 787 693 jaare
800 615 951 676 ordinario
970 635 1009 678 aa
1030 619 1147 696 possint
1165 618 1220 680 ab·
1298 629 1299 632 ’

201 705 345 765 99999999
364 703 540 764 reservatis?
560 697 582 761 9.
596 703 627 762 6.
644 718 678 760 u.
695 702 763 761 9999.
776 719 806 760 9.
823 701 1057 762 Poeniteutiorii.
1299 691 1300 730 ¹

241 795 484 879 Paenitentioaa'uo
502 793 621 874 quaudo
647 802 803 854 excusetur
825 791 843 853 9
869 792 968 856 choro.
987 792 1011 854 9.
1033 797 1064 857 9.
1085 814 1119 856 n.
1143 797 1216 858 959.

201 880 380 943 amiciunt.
445 912 457 928 s

239 972 349 1036 Pollice
376 992 476 1035 caccus
498 992 535 1034 an
565 973 655 1051 possit
680 971 893 1033 Eucharistiam
920 974 1114 1035 ministrare?
1138 972 1163 1035 9.
1183 976 1214 1036 6.

200 1078 235 1124 st.
246 1061 365 1121 9999999
374 1060 544 1120 celebrare?
556 1056 597 1119 ib.
609 1060 653 1118 An
663 1059 701 1118 sit
711 1057 902 1135 tcccgatncist
912 1055 932 1116 9.
941 1060 1009 1119 799.
1023 1060 1094 1121 908.

240 1152 370 1217 Potiutio
391 1150 610 1214 occaluisse.
631 1153 662 1211 l.
676 1151 754 1212 Dub.
773 1154 802 1213 9.
816 1153 992 1213 Pollutiuex
1013 1163 1093 1214 tactu
1115 1155 1215 1233 pueri.

202 1239 226 1302 9.
255 1242 286 1301 9.
314 1258 400 1299 sauna.
425 1240 493 1299 967.
518 1241 559 1299 Ex
581 1247 660 1297 tactu
681 1238 821 1298 soeaatnae.
849 1235 923 1298 itta.
950 1241 996 1299 du
1020 1238 1108 1299 liccat
1127 1239 1216 1300 uxori

202 1327 234 1387 'sc
259 1326 420 1406 polluere,
442 1327 507 1385 9999
532 1342 563 1384 sc
586 1323 758 1384 retrahente
781 1330 847 1400 post
865 1324 1116 1385 seminationem?
1142 1322 1167 1385 9.
1184 1328 1217 1386 s.

201 1430 235 1472 99.
259 1414 327 1472 999.
347 1413 454 1472 Tactus
471 1410 549 1469 inter
566 1406 704 1485 conjuges
723 1409 835 1468 ausint
856 1411 1020 1470 mactatast
1040 1428 1125 1470 999999.
1141 1411 1213 1471 955.

78 1561 81 1568 ,
201 1497 280 1571 Quid
299 1498 323 1558 si
345 1497 420 1556 adsit
438 1496 601 1576 periculum
620 1493 804 1573 pollutionis.
821 1512 854 1553 u.
878 1495 948 1554 959.
960 1504 990 1555 et
1002 1496 1069 1556 959.
1091 1495 1176 1572 Quid
1189 1498 1213 1558 sl

202 1584 310 1662 conjux
328 1592 426 1659 tangat
445 1583 584 1660 scipsum.
596 1600 628 1641 99.
645 1582 714 1641 956.
916 1601 926 1622 ¹

241 1674 395 1757 Pontifex.
416 1675 491 1737 Vide
509 1677 607 1754 Papo.
680 1666 684 1684 '

203 1837 206 1842 ,
240 1769 400 1851 Pontificio
418 1772 585 1848 Responsa,
605 1770 667 1829 sine
689 1768 901 1831 declarationes
918 1778 971 1830 aut
986 1768 1122 1849 Epistola
1136 1788 1214 1847 quo·
1301 1791 1302 1802 ¹

203 1860 315 1930 modo,
333 1869 363 1919 et
377 1857 495 1936 quando
510 1855 652 1933 obligent.
671 1851 694 1915 9.
712 1858 742 1917 9.
757 1873 788 1915 aa.
803 1855 871 1914 906.
886 1862 915 1915 et
930 1850 954 1914 9.
966 1855 997 1914 9.
1016 1873 1100 1914 raum.
1121 1853 1211 1917 1027.

202 1965 233 2007 9.
251 1945 330 2008 Hirta
347 1941 484 2003 9999999999.

241 2034 453 2116 Pauta'ficolio.¹
466 2036 513 2097 un
532 2034 701 2114 Capitulum
726 2033 801 2095 Sede
819 2040 939 2094 vacuato
962 2032 1054 2114 possit
1082 2033 1155 2095 darc
1176 2034 1213 2096 li·

203 2125 328 2187 ccutiam
345 2124 441 2183 alienu
457 2121 600 2199 Episcopo
618 2121 773 2180 enucocndi
795 2120 997 2180 pontificatus
1010 2117 1032 2178 9.
1049 2120 1078 2180 6.
1092 2139 1122 2179 n.
1140 2120 1210 2181 788.
1302 2134 1303 2175 t

202 2229 231 2269 9.
254 2205 408 2282 Quamuis.
427 2205 585 2282 Episcopus
604 2205 629 2263 si
650 2214 785 2265 excaecat
806 2204 984 2264 Pantilicolia
1002 2203 1019 2263 9
1040 2204 1149 2282 quibus
1168 2216 1213 2285 est

203 2309 373 2369 suspensus.
390 2285 412 2349 9.
432 2289 462 2349 7.
479 2306 513 2348 a.
526 2288 595 2349 599.
612 2287 694 2351 9996.
710 2290 742 2349 2.
759 2289 838 2364 Quid
850 2289 1057 2371 sisoleuanitec
1070 2289 1210 2352 celebret.

203 2375 275 2439 totu.
292 2394 320 2435 o.
342 2373 379 2435 Si
389 2382 499 2435 9999999.

240 2467 399 2533 Possessio.
412 2467 557 2541 Possessio
571 2467 739 2529 continuata
757 2468 794 2529 od
812 2466 1075 2548 praescribendum.
1092 2464 1115 2528 9.
1128 2469 1159 2529 t.
1179 2444 1211 2531 9.

204 2557 273 2702 iudet.
289 2554 446 2700 9999999999
462 2553 569 2615 redimi
583 2554 699 2615 vexatio
720 2555 795 2616 circa
817 2555 1030 2633 possessionem
1052 2553 1211 2616 beneficii?

219 2683 227 2700 .
266 2658 319 2702 .u.
374 2681 385 2701 .

189 2735 195 2747 '
241 2736 396 2796 Posoossao‘
416 2731 561 2794 indubio
581 2729 706 2812 dejure
728 2728 1089 2795 suo.i.l.n.55et56.
1111 2732 1212 2811 Negli-

200 2838 275 2900 gens
291 2820 444 2898 inquirere
455 2819 621 2881 dominum.
635 2837 668 2881 99,
687 2819 735 2878 57.
750 2819 830 2879 Bona
845 2828 924 2879 certo
937 2819 1211 2901 ‚cuibrestituendm

203 2905 361 2982 possessori
374 2903 421 2965 vel
431 2905 564 2965 domino.
578 2901 599 2964 9.
613 2906 643 2965 l.
657 2922 690 2963 99.
706 2904 774 2965 596.
788 2910 817 2962 et
828 2923 860 2964 9.
877 2905 945 2964 sua.
961 2906 1115 2964 Posscssor.
1125 2903 1213 2966 boum

198 2988 272 3050 999999
297 2988 334 3048 ad
353 2989 428 3065 quid
447 2998 575 3050 tenctuc.
592 3008 624 3050 99.
637 2989 706 3049 667.
726 2987 772 3048 Ad
789 2989 862 3065 quid
881 2988 1118 3049 molummis.
1140 2991 1210 3053 699.

201 3074 355 3152 decipiens
372 3091 437 3134 rem
456 3073 716 3151 consumptibilem
731 3072 748 3131 9
766 3074 831 3133 sicce
851 3084 972 3152 potente
991 3073 1158 3134 restituere.
1176 3093 1210 3139 99.

203 3160 272 3220 608.
284 3160 431 3217 Possessor
446 3156 532 3217 bordae
547 3158 615 3217 lldci
631 3158 733 3234 quales
756 3158 870 3217 fructus
888 3165 1025 3223 tencatur
1043 3159 1209 3221 restituero.

202 3265 237 3306 99.
254 3245 323 3307 690.
342 3242 419 3315 Quid
439 3244 464 3302 si
480 3244 604 3322 accipias
622 3260 687 3303 rom
708 3244 897 3303 commixtam
923 3260 992 3303 cum
1018 3243 1103 3303 bouis
1123 3244 1210 3307 luris.

202 3350 235 3390 99.
259 3331 329 3391 699.
352 3330 500 3401 Possessoa
520 3329 606 3390 boum
622 3326 692 3388 lidei
714 3327 746 3388 in
765 3329 857 3389 dubia
876 3330 964 3390 ausit
984 3327 1077 3389 lactus
1094 3329 1212 3391 ditior?

204 3412 227 3474 9.
243 3418 273 3476 9.
288 3434 320 3475 ac.
338 3415 406 3474 706.

240 3501 334 3562 Potae
349 3501 411 3561 9999
427 3502 457 3562 in
479 3498 604 3577 jejunio.
623 3496 644 3559 9.
665 3502 694 3560 d.
719 3519 751 3561 o.
774 3502 861 3561 toas.
882 3502 971 3563 Potus
991 3498 1161 3578 cerevisiae,
1181 3512 1212 3564 ct

203 3584 380 3666 limoniadis.
399 3583 438 3664 96.
454 3604 482 3645 u.
501 3586 559 3660 Qu.
580 3588 624 3649 11.
647 3586 731 3652 ustio
748 3585 916 3652 choculutis.
931 3606 964 3649 99.
983 3586 1073 3669 tuus.
1197 3634 1204 3645 ,
