2642 4150
135 273 139 290 .
175 227 233 288 too
369 226 414 287 Dc
431 223 621 287 cottanorum
636 222 753 306 Pontis.
767 222 903 297 decretis,
917 230 969 288 etc.

195 323 326 390 Variam
346 343 414 386 cum
433 343 467 385 ca
487 324 527 384 sit
547 324 664 384 sceleris
685 333 810 400 natura,
828 332 863 385 ut
882 342 914 385 se
935 307 1033 406 ipsum
1056 303 1195 409 prodat,

177 418 208 471 et
227 412 385 473 clamorem
401 409 469 470 edat
486 409 531 468 sui
552 409 699 480 indicem,
721 407 792 469 binc
812 409 964 470 societates
980 427 1034 471 seu
1056 431 1187 475 conven-

177 496 266 556 ticula
285 494 422 574 praedicta
441 493 646 553 vehementem
669 492 742 554 acleb
764 492 898 553 fidelium
921 494 1072 555 meatibus
1090 500 1188 575 suspi-

178 581 294 641 cionem
318 580 518 656 ingesserunt,
539 585 574 636 ut
593 577 698 637 iisdem
716 577 972 654 aggregatioaibus
991 597 1101 641 nomen
1115 582 1188 641 darc

179 662 257 743 apud
281 664 441 740 prudentes
464 670 494 722 et
516 661 625 740 probos
646 660 727 721 idern
748 659 872 721 omnini
894 661 951 733 sit,
975 681 1009 722 ae
1032 666 1188 742 pravitatis

179 758 210 808 et
230 748 428 827 perversionis
449 754 550 807 notam
573 747 725 806 incurrere
741 766 749 804 ι
768 745 825 804 nisi
845 746 926 805 caina
948 746 1023 809 naula
1043 758 1187 827 agerent,

179 842 264 894 tanto
285 849 471 910 nequaquam
493 831 561 891 odio
576 831 673 890 lucem
692 828 846 889 baberent.
861 830 918 903 Qui
939 833 1062 909 quidem
1084 852 1190 894 rumor

180 918 217 981 eb
245 934 339 996 usque
368 915 559 994 percrebuit,
589 924 624 975 ut
652 914 790 992 plurimis
819 915 988 993 regionibus
1019 928 1190 979 memoratae

182 1001 332 1064 societates
348 1019 401 1079 per
416 1000 512 1060 saeculi
527 1004 684 1078 potestates
697 1007 847 1076 tamquam
861 1017 1023 1078 regnorum
1038 1003 1189 1062 securitati

183 1089 368 1148 adtenuatas
389 1084 560 1164 proscriptae
578 1101 612 1145 ae
628 1080 752 1162 provide
769 1082 929 1177 eliminatae
944 1082 1124 1163 jampridem
1144 1103 1192 1145 ex·

183 1172 309 1233 titeriut.

222 1262 283 1321 Nos
308 1260 409 1338 itaque
433 1258 534 1320 animo
559 1257 711 1321 volventes
735 1217 905 1335 gravissima
931 1230 1039 1318 damac
1065 1277 1133 1338 quae
1157 1270 1208 1322 ut-

185 1343 349 1426 plurimum
362 1362 398 1406 ex
412 1342 583 1422 hujusmodi
596 1341 782 1404 societatibus
794 1359 845 1403 scu
858 1343 1070 1404 conventiculis
1081 1346 1193 1406 nedum

185 1431 354 1530 temporalis
377 1429 547 1509 reipublicae
572 1427 800 1505 tranquillitati,
822 1424 928 1487 veriam
942 1428 1029 1488 etiam
1044 1430 1193 1507 spirituali

185 1518 350 1576 animarum
363 1515 449 1574 saluti
464 1513 634 1574 inseruntur
642 1522 750 1591 ,atque
766 1507 875 1572 idcirco
891 1519 957 1572 tum
975 1512 1112 1573 civilibus
1127 1523 1194 1575 tum

186 1600 333 1660 canonicis
349 1596 473 1659 minimi
485 1596 632 1659 cohaerere
641 1595 861 1672 sanctionibus3
878 1593 947 1657 calm
960 1595 1062 1659 divino
1074 1598 1195 1677 eloquio

174 1684 364 1757 doeemur,
382 1680 434 1741 diu
458 1691 606 1759 noctuque
627 1679 723 1757 (more
743 1681 820 1740 servi
843 1640 940 1743 ridetis
963 1687 995 1741 et
1013 1681 1193 1760 prudentis,

186 1766 342 1830 dominicae
354 1765 474 1827 familia
487 1763 649 1844 praepositi)
666 1763 848 1843 vigilandum
865 1783 947 1839 esse,
967 1781 1007 1826 ae
1022 1764 1194 1843 hujusmodi

187 1852 343 1914 bominum
355 1866 449 1928 genus
463 1850 556 1910 veluti
573 1849 653 1909 iures
671 1848 794 1909 domum
807 1850 990 1928 perfodiant,
1002 1860 1091 1929 atque
1103 1852 1198 1913 instar

168 1938 323 2016 vulpium
345 1935 463 1995 vineam
482 1934 619 1995 demoliri
635 1934 786 2007 nitantur,
804 1952 842 1995 ne
862 1935 998 1995 videlieet
1016 1935 1198 2013 simplicium

187 2022 276 2084 eorda
296 2027 489 2101 pervertant,
514 2029 604 2099 atquc
625 2019 763 2082 innoxios
786 2020 951 2100 sagitteat'
942 2038 973 2080 ιιι
995 2019 1139 2099 occultis3
1159 2020 1197 2083 ad

188 2106 380 2178 latissimam,
395 2122 463 2184 quaa
477 2104 685 2183 iniquitatibus
697 2104 820 2183 impune
834 2105 984 2182 patrandis
1004 2103 1075 2165 inde
1087 2106 1197 2184 aperiri

189 2201 287 2271 posset
297 2235 306 2259 ,
316 2193 395 2250 riam
409 2188 636 2265 obstruendam,
649 2190 773 2268 aliisque
785 2189 823 2249 de
832 2189 920 2267 justis
929 2207 962 2248 ae
974 2189 1200 2251 rationabilibus
1265 2238 1271 2253 .

189 2273 1200 2345 causisuobisnotiseasdcmsocietates,coetns,conventus,eolleetio·

190 2356 1200 2438 nes,aggregationes,seuconventiculadc’iibericnnratori,scudes

188 2438 1200 2525 [innosmcconsmutalioquoeumqueuomiaeappellatas,denon·

190 2529 342 2590 nullorum
364 2526 579 2597 venerabilium
601 2529 740 2589 Fratrum
762 2538 932 2589 nostrorum
948 2528 978 2587 S.
996 2527 1032 2586 tt.
1045 2528 1079 2587 tt.
1096 2528 1201 2588 Cardi-

190 2613 303 2675 ualium
325 2608 469 2684 coasilio,
488 2629 522 2672 ae
543 2611 632 2672 etiarn
655 2622 739 2672 motu
758 2613 900 2692 proprio,
920 2621 951 2672 et
974 2629 1011 2683 ex
1032 2611 1201 2690 apostolicae

190 2696 549 2776 potestatis'plenitudine,
561 2697 728 2758 damnando
740 2696 775 2758 et
780 2696 962 2776 prohibenda
972 2713 1033 2757 esse
1043 2696 1201 2756 statuimus

191 2791 221 2842 et
237 2781 440 2855 decrevimus,
454 2790 544 2861 prout
556 2785 693 2860 presenti
713 2793 812 2843 nostra
833 2781 976 2864 perpetui)
988 2782 1115 2847 valitura
1129 2799 1201 2842 coa·

190 2864 344 2926 stitutione
363 2865 538 2926 damnamus
558 2876 588 2925 et
607 2865 811 2945 prohibemus.

228 2949 371 3022 Quocirca
390 2949 529 3010 omuibus
550 2958 580 3010 ct
602 2952 726 3029 singulis
746 2952 855 3014 Christi
878 2936 1015 3016 fidelibus
1032 2951 1201 3032 cujuscum-

191 3050 250 3112 que
267 3043 358 3093 status
365 3077 376 3110 ,
394 3033 520 3112 gradus,
539 3034 735 3109 conditionis,
755 3038 1070 3116 ordinis,dignitatis,
1080 3049 1111 3100 et
1124 3057 1202 3117 prae

191 3116 379 3189 eminentia,
391 3119 453 3178 sire
470 3119 566 3188 laicis,
581 3120 643 3180 sive
660 3122 791 3194 clericis,
807 3133 868 3183 tam
885 3125 1095 3197 saecularibus,
1110 3122 1203 3201 quim

191 3201 393 3279 regularibus,
410 3203 513 3262 eliam
519 3203 652 3280 specifica
664 3214 694 3265 et
710 3206 863 3267 individua
876 3209 1036 3269 mentione
1040 3217 1070 3269 et
1081 3225 1204 3286 expres-

191 3287 274 3346 sione
292 3285 408 3363 dignis,
426 3286 559 3347 districti
580 3290 639 3348 et
631 3308 663 3349 m
684 3291 795 3351 virtute
813 3300 920 3352 sanctae
935 3293 1110 3353 obedientioe
1124 3310 1203 3370 prec-

192 3369 339 3447 cipimus,
361 3387 399 3429 ne
421 3371 489 3447 quis
512 3372 567 3431 sub
591 3375 697 3450 quovis
717 3383 859 3454 praetextu
884 3385 935 3436 aut
958 3377 1080 3453 quoesito
1102 3377 1203 3436 colore

192 3453 298 3514 audeat
310 3453 357 3512 vel
371 3461 545 3533 prasumat,
559 3453 712 3535 praedictas
723 3462 875 3520 societates
885 3459 930 3521 dc'
940 3458 1026 3522 liberi
1036 3459 1203 3535 narratori,

191 3556 242 3597 seu
256 3536 305 3598 cicc
319 3534 576 3617 francs-macons,
596 3551 648 3602 aut
667 3543 738 3602 alias
757 3555 938 3622 nuncupatas
957 3545 1049 3621 inire,
1069 3547 1205 3624 velpro

193 3639 321 3700 pagare,
338 3625 509 3704 contovere,
529 3645 562 3688 ae
581 3627 611 3689 iu
634 3628 695 3689 suis
711 3628 823 3690 oedibns
836 3631 882 3691 vel
901 3630 1039 3692 domibus
1058 3649 1111 3692 seu
1127 3631 1202 3696 alibi
