2642 4150
200 170 220 232 8
415 165 460 225 De
477 176 669 227 raanuttoauut
687 156 803 237 Patalis.
813 155 931 219 decretis
945 202 953 231 ‚
965 166 1016 219 elo.

198 264 278 327 abac
292 294 305 336 ,-
321 260 526 324 noadcbctua
543 261 574 325 ia
599 259 776 320 conscientia
792 265 861 316 anto
879 257 1055 317 senteutiam
1083 257 1210 331 declara·

200 349 306 412 teriam
324 347 450 427 judicia,
464 344 500 408 ed
514 343 593 424 qudd
607 346 646 409 sit
665 361 763 423 poena.

207 462 211 471 ·
237 431 623 508 sanatusconsultum
642 428 827 502 collativam,
850 435 901 485 aut
919 424 1046 503 quodvis
1065 425 1209 488 aliudbo·

200 518 338 579 aeficium
352 517 595 581 ecclesiasticum,
610 513 635 573 si
651 512 750 572 stadio
771 511 937 570 litterarum
956 518 1039 570 vacet
1050 553 1059 587 ,
1072 511 1209 573 satisfacit

199 621 258 664 suaa
275 601 468 680 obligationi,
486 600 511 660 si
534 598 662 660 odicium
682 615 735 675 per
751 596 844 655 alium
858 593 972 654 recitat.
1167 666 1170 671 γ

237 690 286 750 99.
313 689 382 748 Non
406 694 450 749 ast
471 694 571 746 contra
588 682 735 760 justitiam
767 678 906 753 beneficia
924 679 1122 751 ecclesiastica
1147 698 1208 745 nau

199 774 333 833 conterre
349 768 461 849 gratis,
481 769 549 848 quia
568 769 690 828 collator
703 765 856 825 conferens
878 763 927 823 illa
952 763 1092 824 beneficia
1115 766 1207 826 eecle-

198 858 310 917 siastiea
324 900 334 927 ‚
350 855 474 934 pecunia
498 853 734 921 interueniente,
752 868 812 909 non
836 848 926 925 exigit
941 848 1023 909 illam
1042 865 1096 926 pro
1117 850 1206 909 eolla·

199 942 280 1002 tione
289 941 439 1012 beneficii,
456 939 506 1000 sed
520 938 610 999 voluti
627 955 682 1015 pro
701 935 902 997 emolumento
928 934 1104 1011 temporali,
1125 935 1205 1012 quod

199 1025 253 1086 tibi
272 1028 405 1086 conform
423 1044 488 1086 non
505 1024 670 1085 tenebatur.

236 1113 292 1179 95.
303 1112 451 1188 Frangam
465 1108 614 1186 jejunium
639 1105 797 1175 Ecclesiae,
819 1104 856 1165 ad
889 1104 968 1181 quod
986 1112 1123 1173 tenetur,
1143 1123 1203 1168 aon

198 1202 297 1271 peccat
310 1196 494 1264 mortaliter,
513 1194 617 1253 nisiex
640 1199 837 1268 contemptu,
862 1188 909 1246 vel
933 1187 1131 1248 inobedientia
1149 1187 1206 1252 hoc

121 1308 131 1323 =
197 1278 306 1351 latim,
329 1279 399 1361 puta
414 1322 423 1349 ‚
440 1279 508 1356 quia
530 1295 591 1337 non
613 1277 727 1339 tultae
746 1272 890 1348 subjicere
901 1281 1058 1350 praecepto.

235 1364 283 1424 at.
306 1364 464 1433 llollities‚
487 1362 643 1431 sodomia,
669 1368 699 1420 et
723 1359 882 1421 bestialitas
901 1365 971 1416 sunt
992 1364 1107 1434 peccata
1126 1358 1204 1435 ejus.

197 1446 264 1509 dem
291 1449 397 1527 speciei
427 1447 555 1518 infima,
581 1444 707 1523 idebque
725 1443 831 1505 suflicit
851 1442 949 1501 dicere
968 1441 1001 1501 in
1024 1443 1203 1506 consessione

196 1550 228 1595 se
240 1548 410 1612 procurasse
425 1533 630 1610 pollutionem.

236 1618 285 1676 et.
299 1618 356 1689 Qui
370 1616 473 1677 habuit
485 1616 618 1693 copulam
640 1632 708 1675 eum
721 1612 836 1682 soluta,
856 1610 992 1671 satisfacit
1014 1613 1203 1677 consessionis
1275 1681 1278 1685 ⁴

198 1708 355 1779 praeopto,
373 1701 492 1761 diceusz
509 1699 641 1759 commisi
655 1716 724 1759 cum
736 1698 831 1759 soluta
842 1713 931 1775 gram
941 1706 1092 1774 peecatum
1102 1708 1202 1761 costra

197 1785 377 1863 castitatem,
393 1803 452 1845 noa
468 1783 640 1861 explicando
655 1782 800 1861 copulam.
1200 1830 1202 1835 .

226 1869 284 1928 ³26.
306 1869 429 1941 Quando
450 1869 597 1947 litigantes
616 1867 728 1926 habent
747 1884 801 1944 pro
815 1883 846 1925 se
858 1864 1011 1943 opiniones
1029 1866 1113 1944 aqut
1133 1887 1203 1947 pro-

196 1950 324 2020 babiles,
336 1962 431 2028 potest
440 1952 533 2031 judex
546 1953 703 2031 pecuniam
717 1951 849 2029 accipere
861 1968 915 2028 pro
927 1948 1045 2009 ferenda
1059 1956 1203 2012 sententia

196 2036 227 2098 ia
242 2037 373 2098 savorem
396 2041 485 2099 unius
507 2056 567 2116 praa
589 2037 659 2097 alio.
1152 2032 1159 2039 ’

233 2123 283 2182 97.
297 2123 327 2182 si
343 2123 418 2183 liber
438 2125 475 2186 sit
490 2122 612 2200 alicujus
624 2122 772 2200 junioris,
786 2129 815 2181 et
828 2118 964 2181 moderni
974 2163 983 2190 ‚
993 2118 1081 2180 debet
1100 2122 1204 2199 opinio

195 2206 307 2265 ceastri
331 2207 513 2284 probabilis,
535 2206 608 2268 diam
630 2225 690 2267 non
714 2204 991 2282 commarciacum
1012 2222 1075 2264 essa
1091 2204 1109 2265 a
1126 2206 1202 2265 Setia

152 2291 158 2308 ³
195 2292 351 2368 apostolica
372 2301 523 2372 tamquam
545 2292 782 2371 improbabilem.

233 2377 283 2437 98.
300 2378 432 2458 Populus
452 2397 513 2438 non
533 2385 653 2454 peccat,
676 2378 790 2437 etiamsi
813 2374 923 2453 absque
948 2376 1009 2436 ulla
1032 2393 1116 2436 causa
1138 2391 1202 2435 nou

194 2461 316 2540 recipiat
337 2463 432 2542 legem
447 2460 470 2523 ,6
489 2463 622 2542 principe
641 2462 869 2541 promulgatam.

392 2669 505 2733 Deinde
519 2669 609 2733 Fert‘d
628 2672 646 2731 b
665 2669 712 2731 dt'e
731 2671 769 2730 18
784 2670 893 2731 Mat-tta·
910 2671 996 2731 1666.

198 2869 201 2874 ⁴
231 2883 353 2958 Propos.
365 2880 415 2941 99.
426 2880 461 2938 ln
476 2878 525 2938 die
535 2876 662 2956 jejunii,
676 2878 728 2958 qai
743 2876 848 2955 sapitis
858 2877 1006 2941 modicum
1016 2878 1088 2958 quid
1102 2892 1202 2941 coma·

193 2964 238 3062 5¹¹?
249 3008 257 3035 ,
268 2964 321 3063 etsi
335 2963 496 3025 notabilem
506 2964 702 3040 quantitatem
714 2965 746 3024 in
755 2962 816 3023 tine
828 2963 1007 3038 comederit,
1019 2982 1079 3025 ann
1090 2963 1208 3056 frangit

189 3067 408 3194 lesgbljutbnmnes
426 3131 580 3206 officiales,
599 3135 652 3213 qui
678 3136 709 3197 ia
731 3136 883 3216 republica
904 3134 1098 3213 corporaliter
1116 3132 1201 3194 laba-

192 3227 277 3286 mot,
288 3225 359 3277 sunt
369 3220 498 3279 excusati
514 3220 552 3279 ab
567 3220 744 3297 obligatione
753 3218 861 3299 jejunii
870 3265 880 3294 ,
897 3238 951 3279 nac
967 3218 1077 3280 debeat
1089 3235 1126 3279 se.
1136 3233 1201 3279 aen·

191 3301 322 3370 tilianae,
342 3320 380 3360 an
399 3302 483 3363 labor
506 3305 546 3363 sit
567 3306 762 3382 compatibilis
783 3324 851 3364 cum
870 3302 994 3379 jejunia

229 3389 279 3448 61.
296 3389 479 3447 Excusaatur
493 3387 655 3452 absolutes
671 3398 817 3467 praecepto
836 3388 944 3466 jcjunii
966 3404 1068 3448 omnes
1085 3386 1130 3448 illi
1147 3388 1200 3465 qai
1287 3417 1296 3422 -

167 3491 171 3496 ’
190 3472 248 3531 iter
259 3480 350 3549 agunt
359 3470 520 3549 equitando
531 3514 539 3542 ‚
551 3481 711 3550 utcumque
723 3474 779 3533 iter
788 3482 894 3551 agant,
905 3472 1018 3532 etiamsi
1032 3470 1090 3530 iter
1099 3488 1201 3532 necas·

192 3554 302 3614 sarium
326 3571 387 3616 noa
408 3555 466 3629 sit,
489 3563 519 3615 et
539 3555 652 3619 etbmai
665 3558 733 3617 >iter
755 3556 842 3617 unius
857 3558 917 3620 diei
933 3555 1098 3618 manuam.
1166 3620 1169 3624 ,
