2642 4150
350 214 354 222 .
374 173 379 180 ·
412 223 418 235 ⁹
461 143 687 209 Parsscmoda.
704 149 801 230 Caput
814 149 841 210 1.
1116 151 1157 217 tt

146 253 254 315 animia
277 248 510 329 corporibusque
536 249 718 309 salutarim
735 268 818 327 spem
843 249 936 326 igitur
960 250 1026 311 illos
1052 251 1156 332 erigite

146 338 310 399 coelestium
334 334 546 413 praemiorum,
565 333 674 409 quibus
689 332 879 411 assequendis
895 350 957 394 aon
972 342 1043 395 suot
1054 336 1157 396 condi·

146 440 212 501 gnoe
231 420 380 499 passiones
404 416 494 495 hujus
510 417 675 495 temporis,
698 416 760 477 imd
779 417 845 476 leve
864 435 898 476 ac
915 426 1156 480 momentaneum

145 524 209 568 non
220 501 441 577 tribulationis,
459 501 510 561 sed
527 501 649 562 modica
669 501 853 561 abstinentia
866 509 973 562 nostra
992 503 1156 571 incommo-

148 589 242 660 dum,
256 605 399 666 magnum
412 586 513 662 gloriae
526 584 640 664 pondus
656 595 796 664 operatur
815 586 848 646 in
863 586 954 646 coelis.
963 587 1156 647 Abomnibus

148 673 366 741 senosanam,
388 671 440 747 qui
465 671 496 745 iu
522 688 615 747 agone
639 670 847 742 contendunt,
869 679 904 730 ut
931 670 1156 749 corruptibilem

147 774 286 817 coronam
299 754 463 830 accipiant;
476 753 584 832 pudeat
597 763 657 814 tam
676 755 808 814 imbelles
821 773 855 814 ac
866 754 1002 815 delicatos
1021 753 1155 816 christia·

148 859 194 900 nte
209 841 325 901 militiae
338 837 446 897 milites
463 838 669 916 refugientesi
686 839 834 898 consortio
844 840 938 898 crucis
956 838 1079 911 Christi,
1102 837 1154 916 qui

147 942 289 985 coronam
314 921 447 1000 legitime
471 924 650 984 certantibus
673 925 853 1001 propositam
883 941 1002 1003 sperare
1024 923 1156 1002 praecipit

147 1008 353 1086 incorruptam
368 1028 377 1080 3
390 1007 426 1065 ad
443 1006 528 1083 cujus
544 1008 708 1084 auspicium
723 1051 732 1080 ,
753 1016 784 1067 et
797 1009 902 1085 pignus
913 1006 1156 1068 Fraternitatibus

148 1093 255 1152 vestris
266 1091 455 1168 apostolicam
467 1091 704 1151 benedictionem
715 1092 818 1159 iisdem
826 1093 916 1151 etiam
928 1089 1155 1170 populisvostris

50 1206 55 1217 =
150 1185 253 1243 nostro
271 1175 393 1249 nomine
413 1175 643 1252 impertiendam
666 1186 851 1254 peramanter
874 1177 1045 1253 elargimur.
1059 1176 1155 1235 Volu-

149 1278 216 1318 mus
237 1267 337 1334 autem
352 1302 360 1330 ,
379 1266 413 1317 ιιι
426 1262 615 1337 praesentium
634 1261 827 1336 transumptis
837 1260 899 1319 sive
912 1261 1053 1338 exemplis
1065 1258 1156 1318 etiam

148 1345 322 1421 impressis,
333 1362 419 1402 manu
433 1344 557 1420 alicujus
570 1344 675 1403 notarii
697 1344 805 1420 publici
820 1344 1006 1419 subscriptis,
1020 1353 1051 1403 ct
1059 1344 1156 1421 sigillo

151 1445 290 1505 personae
311 1428 494 1506 indignitate
512 1429 706 1488 ecelesiastica
719 1428 884 1497 constitutae
898 1429 1020 1487 munitis
1033 1471 1042 1499 ‚
1054 1430 1157 1487 eadem

153 1509 277 1588 prorsuis
293 1511 400 1588 ubique
420 1513 492 1573 fides
515 1513 709 1583 adhibeatur,
730 1530 796 1588 quae
822 1512 1013 1588 praesentibus
1037 1508 1158 1572 adhibe·

150 1606 305 1677 retur,ct
327 1595 459 1658 adhiberi
481 1607 596 1677 posset,
618 1599 642 1657 si
662 1596 761 1657 forent
782 1594 1002 1667 exhibitae„vel
1023 1606 1155 1659 ostensa.

104 1698 111 1709 ·
147 1683 260 1741 Datum
277 1683 378 1742 Romae
401 1684 481 1761 apud
502 1692 632 1743 sanctam
655 1683 777 1743 Mariam
802 1680 942 1758 ltajorem
966 1682 1021 1743 suh
1046 1684 1158 1745 annulo

149 1852 227 1910 simo
236 1852 496 1996 septingentesimo
507 1852 730 1931 quadragesimo
740 1854 839 1931 primo
849 1852 1053 1926 ‚pontificatus
1062 1854 1155 1917 nostri

145 1950 330 2017 gronoseeua
352 1955 381 1997 o.

418 2108 596 2170 urtstota
614 2110 819 2174 uttcttctlca
839 2109 891 2169 lll.

490 2298 576 2342 sorau
592 2298 827 2346 consummato.

190 2446 397 2512 libentissimi
413 2448 532 2526 quidem
552 2450 780 2528 amplectimur,
796 2469 863 2527 qttoe
881 2451 965 2510 nobis
981 2450 1158 2523 atteruntur,

149 2533 317 2593 occasiones
327 2531 365 2607 ad
377 2542 487 2592 vestros
499 2536 613 2595 animos
624 2534 808 2600 excitandos,
821 2543 854 2598 ut
865 2535 1062 2595 ecelesiastica
1074 2537 1159 2596 disci·

147 2617 244 2693 plima
262 2617 435 2693 reparanda
456 2620 588 2678 sedulam
611 2635 713 2676 curam
730 2618 894 2675 conseratis.
911 2617 1027 2674 Etenim
1045 2620 1159 2678 Summi

149 2699 344 2766 Pontificatirs
360 2701 511 2779 dignitati,
523 2702 560 2761 ad
573 2719 662 2779 quam
682 2718 753 2769 uos,
768 2698 838 2759 lieet
851 2701 1056 2772 immerentes,
1068 2704 1160 2765 crecti

149 2784 283 2853 luimus,
299 2784 486 2859 conjunctam
502 2804 564 2846 esse
578 2786 770 2864 intelligimus
791 2784 1018 2846 sollicitudinem
1036 2787 1160 2848 aliarum

149 2867 365 2940 Ecclesiarum,
386 2871 529 2947 nobisque
543 2871 777 2932 commendatam
790 2913 798 2943 ,
812 2871 863 2949 qui
881 2870 967 2949 plene
987 2875 1160 2940 tenuitatem
1200 2863 1204 2871 ’

150 2950 266 3012 uirium
291 2962 461 3014 nostrarum
485 2954 745 3031 nouignoramus.
787 3001 790 3010 .

193 3035 269 3095 com
282 3038 381 3114 itaque
396 3039 586 3115 praesentium
600 3039 766 3102 litterarum
785 3048 992 3117 argumentum
1010 3050 1107 3103 totum
1122 3042 1160 3100 sit

150 3117 192 3178 de
208 3118 341 3196 jejunio,
354 3121 434 3197 quod
456 3130 589 3198 tempore
603 3123 838 3201 Quadragesimae
857 3126 950 3184 veteri
966 3126 1099 3196 Ecclesia
1114 3125 1160 3182 in-

151 3203 260 3264 stituto
282 3221 316 3265 ac
337 3204 402 3281 lege
417 3204 554 3264 fidelibus
578 3206 737 3282 indicitur;
757 3226 1006 3284 supervacaneum
1027 3209 1160 3268 ducimus

151 3288 287 3366 longam,
299 3289 463 3350 orationem
484 3290 628 3352 conficere
648 3291 686 3352 de
706 3293 940 3371 Quadrogesimae
959 3294 1159 3357 institutione,

153 3380 187 3430 ct
204 3374 351 3450 Petrum,
371 3383 401 3433 et
414 3375 613 3446 conciliorum
632 3393 734 3440 omnes
751 3397 840 3455 super
857 3377 911 3439 hac
928 3396 961 3438 re
985 3379 1016 3435 in
1031 3372 1161 3431 medium

152 3454 289 3531 prolerre
309 3459 506 3518 auctoritates.
525 3460 650 3521 Dillicile
664 3453 694 3519 id
708 3459 828 3537 quidem
850 3462 934 3530 uobis
953 3456 1058 3535 partim
1080 3454 1162 3540 vide·

153 3547 239 3605 retur
246 3583 255 3616 ,
267 3540 318 3602 sod
328 3541 427 3624 potitis
437 3543 583 3638 alienum,
594 3552 625 3606 ct
637 3546 816 3632 nullomodo
828 3550 1053 3640 consentancum
1063 3538 1161 3608 robis,

590 3659 600 3668 ,
876 3635 881 3644 ·
961 3638 1006 3679 a..

469 3702 519 3712 ssa-n.
531 3704 570 3711 ‚an
