2642 4150
176 157 225 218 '52
287 130 290 135 Δ
382 154 427 216 Dc
441 146 764 229 roatouorutul’oata's.
775 147 914 226 mattos,
930 158 983 211 ete.

90 256 94 267 ‘
184 253 390 328 licilodiaem,
413 253 449 316 eb
480 252 561 332 qnod
584 250 870 337 deprehenderimus
889 248 978 311 certis
997 250 1195 326 testimoniis,

185 344 216 403 in
245 340 420 420 quibusdum
443 337 613 417 regionibns
630 336 848 415 septentrionis
873 344 937 396 toto
963 336 1198 418 quadragesimae

184 442 270 488 carrsu
288 426 369 486 luctis
387 433 417 484 et
431 438 555 483 uvorann
572 439 659 481 usum
679 418 922 499 libere'pcrmitti
932 438 941 497 3
961 421 1037 503 quia
1051 434 1104 501 pet·
1124 425 1197 502 plu·

119 561 122 567 .
184 529 233 572 res
248 528 341 572 annos
361 507 494 569 amdam
509 507 676 567 facultatem
692 505 853 584 petierint,
867 515 897 564 ot
911 503 928 565 i
942 506 1016 566 Sede
1035 508 1195 586 apostolica

185 595 332 656 consecuti
358 594 491 654 succinta
517 591 710 669 quomobrem
737 590 780 649 illi
803 590 906 666 populi
930 591 985 651 sibi
1006 592 1037 651 ia
1058 593 1194 653 animum

185 678 385 749 induxerunt,
409 694 469 736 aon
494 692 556 734 esse
575 672 679 735 rorsirs
703 674 738 733 ad
765 673 939 734 Pontificem
963 676 1196 755 confugiendum

186 781 241 841 pro
257 760 426 840 hujusmodi
447 761 583 821 facultate
604 757 810 837 impetrando,
831 758 883 819 sed
900 759 1014 837 priores
1032 760 1198 835 macessio·

171 861 238 910 'nes
254 847 376 925 singtilis
393 845 478 906 annis
501 850 632 922 acceptas
659 843 812 914 sufficere,
839 853 874 903 ut
899 844 982 904 lactis
1007 852 1037 905 et
1066 861 1196 906 ovorum

173 932 366 992 consuetodo
409 944 464 1007 per
498 927 749 1007 quadragesimam
789 928 1008 1007 comprobetur.
1048 930 1196 990 Fautores

187 1018 308 1077 maximi
337 1013 467 1075 iaciendo
487 1030 548 1072 esse
570 1012 705 1071 ducimus
727 1030 761 1071 ea
779 1012 869 1072 acrba
898 1013 980 1073 Trid.
1005 1015 1094 1073 Conc.
1119 1029 1191 1072 sess.

187 1102 237 1162 ab.
251 1120 278 1160 c.
299 1101 346 1161 lo.
362 1099 399 1158 de
421 1097 540 1157 reform.
554 1095 649 1157 Sicuti
666 1093 780 1175 publici
800 1093 934 1175 expedit,
953 1093 1024 1177 lepis
1041 1093 1195 1157 viaculum

188 1182 362 1266 quaudoque
384 1179 544 1254 relaxaro,
570 1188 606 1240 ut
620 1176 760 1261 picatis,
792 1180 987 1242 evenientibus
1007 1180 1143 1252 cutibus,
1164 1189 1196 1240 ct

187 1267 403 1330 amoenitatibus
412 1282 469 1348 pro
482 1267 631 1326 commoni
646 1261 775 1324 utilitate
787 1262 935 1344 satisfiat,
952 1264 993 1326 eia
1009 1262 1197 1346 frequatibs

187 1351 276 1435 upum
287 1350 414 1424 solvero,
435 1347 621 1431 coemptoque
640 1347 760 1428 potitis,
778 1350 868 1429 purim
882 1356 958 1409 certo
981 1366 1193 1429 personarunt,

175 1455 342 1519 seruatque
360 1434 486 1506 delectu,
500 1432 663 1515 petentibus
676 1431 844 1513 iadalpcro,
859 1431 905 1493 ait
919 1430 1004 1494 aliud
1022 1442 1086 1507 cot,
1103 1435 1193 1516 quoae

187 1521 346 1600 uuicuique
358 1519 399 1580 ad
410 1517 485 1601 lepos
500 1515 755 1599 uuumradieadao
765 1515 880 1577 aditum
894 1518 1017 1598 aperire.

226 1609 259 1665 ln
277 1605 385 1665 litteris
404 1603 512 1664 nostris
528 1602 724 1681 apostolicis,
745 1620 816 1680 quas
836 1621 914 1663 uano
933 1605 1020 1663 llll.
1039 1604 1076 1664 ad
1090 1622 1195 1668 omnes

187 1689 345 1751 catholicos
372 1690 527 1766 Episcopus
547 1686 707 1759 dedimus,
730 1685 800 1746 huic
821 1688 995 1766 curruptelae
1017 1689 1096 1748 vlam
1117 1707 1199 1767 prm·

189 1775 307 1838 cludere
325 1774 516 1853 cogitavimus
531 1772 564 1832 ei
584 1771 716 1843 ratione,
731 1773 848 1850 illisque
860 1773 959 1832 verbis
973 1817 981 1843 ,
997 1791 1062 1851 quse
1072 1774 1195 1837 rursiam

189 1859 237 1920 hic
258 1859 451 1937 subjicimus:
466 1854 603 1918 Debitum
618 1854 713 1936 ipitur
737 1850 869 1935 pator'noe
892 1856 1122 1939 uniuscujusque
1143 1876 1194 1919 ae·

188 1946 284 2006 strom
306 1940 471 2005 sodalitatis
487 1987 497 2016 ,
511 1949 540 2000 et
553 1938 710 2001 charitatis
736 1937 865 2021 officium
889 1941 961 2022 jure
981 1939 1132 2022 postolat,
1158 1952 1196 2003 ut

189 2030 324 2096 omnibus
355 2037 458 2091 uotum
485 2023 627 2105 faciatis,
654 2035 683 2088 ot
705 2028 911 2098 obscurabatis,
937 2029 1051 2089 neaniai
1076 2028 1195 2112 quidam

188 2115 252 2176 aiae
268 2114 396 2197 lepitimo
409 2130 524 2185 causo,
544 2120 573 2173 et
587 2111 621 2172 cle
634 2113 788 2195 utriusque
807 2112 912 2175 aaudiat
934 2111 1074 2178 coasilio.
1091 2114 1197 2175 mralti-
1311 2161 1312 2174 a

191 2199 289 2261 tudini
309 2201 376 2261 verb
385 2245 396 2277 ‚
410 2196 502 2259 celati
516 2195 647 2279 populo,
673 2206 727 2258 aut
739 2197 876 2274 civitati,
896 2206 951 2258 aut
964 2200 1045 2276 petati
1057 2198 1197 2261 indiscri-

187 2283 326 2344 minatim
346 2282 466 2363 iatcproe
479 2324 487 2352 ,
502 2280 624 2342 amussi
638 2280 818 2362 pravissiaut
835 2289 866 2341 et
879 2283 1192 2363 apocatastaticus,

188 2365 391 2428 uticensibus
411 2384 464 2445 par
483 2382 569 2426 sacra
597 2384 744 2425 coauctam
765 2374 878 2426 statuta
893 2366 1096 2448 prescriptis,
1125 2384 1194 2426 euno

188 2448 285 2514 debita
301 2449 465 2532 apostoliae
487 2449 577 2530 bajus
594 2458 704 2510 souctae
719 2449 803 2511 Sedis
821 2451 1012 2512 reuerentiae
1029 2449 1195 2532 quadrupe-

187 2532 290 2599 arnolt
312 2533 429 2617 jejunia
451 2533 722 2615 dispensationem,
752 2535 834 2595 toties
858 2533 971 2615 quotics
999 2552 1073 2614 optas
1097 2533 1195 2615 fucrit

188 2618 419 2692 coaccdcaadam,
439 2637 490 2679 aec
513 2619 654 2679 audacter
667 2664 675 2690 ,
688 2617 867 2699 fidenterque
890 2618 1114 2700 usurpandam,
1140 2635 1193 2680 aco

126 2724 130 2732 “
187 2704 308 2787 superbi
326 2712 355 2766 ct
375 2711 549 2785 orropaatcr
566 2704 604 2766 ab
619 2701 772 2765 Ecclesia.
792 2704 871 2766 aaut
892 2700 967 2766 olibi
985 2704 1019 2764 ia
1047 2722 1126 2767 atara
1145 2723 1195 2786 po

188 2792 278 2852 situm
289 2806 348 2851 esse
357 2788 535 2869 accipimus,
549 2805 608 2850 eote
620 2786 844 2867 postulandum.

177 2870 181 2880 '
226 2871 319 2934 Porri)
335 2890 389 2932 nos
399 2872 475 2932 huuc
487 2890 622 2933 normam
638 2872 730 2931 secuti
745 2890 847 2933 sumus
859 2873 944 2947 ‚ciam
958 2875 1193 2947 multitudinem,

188 2957 279 3018 veluti
299 2957 462 3035 populum,
484 2967 535 3015 aut
545 2958 692 3017 civitatem
702 2953 845 3035 integram
857 2959 1096 3039 quadragesimali
1104 2960 1194 3019 absti-

188 3042 289 3103 nuntii
308 3042 470 3102 immunem
489 3041 712 3100 declaravimus.
737 3044 770 3100 ln
789 3044 894 3120 primis
914 3043 968 3102 loci
986 3044 1144 3122 Episcopus
1162 3043 1193 3104 iul

151 3138 153 3143 ’
176 3127 336 3207 ’postulare
356 3124 373 3185 i
391 3127 475 3186 nobis
497 3124 617 3204 debuit,
633 3143 667 3185 ac
685 3125 723 3185 de
740 3128 929 3203 gravissimu,
945 3129 1121 3205 argentique
1142 3145 1194 3188 no·

189 3213 319 3273 cessitate
333 3229 421 3270 suum
441 3211 645 3270 testimonium
662 3210 859 3288 interponere.
877 3212 989 3271 Deinde
1013 3217 1114 3271 manos
1136 3211 1193 3272 mi-

74 3307 77 3314 '
190 3295 430 3373 nimtpermissae
448 3294 585 3359 luerunt,
600 3295 623 3353 si
641 3293 743 3364 lactis,
759 3304 789 3355 et
809 3313 933 3356 ovorum
953 3313 1022 3354 usus
1039 3295 1108 3355 satis
1131 3307 1194 3355 osso

188 3379 350 3440 videretur.
374 3379 451 3437 Turn
472 3376 544 3438 verb
570 3377 691 3438 facultas
716 3379 823 3440 edendi
853 3397 953 3439 manes
980 3379 1072 3439 tribui
1097 3378 1194 3441 solium

174 3463 366 3534 consuevit,
384 3459 452 3521 ciana
474 3461 647 3540 interposito
671 3464 804 3542 Episcopi
825 3466 993 3526 testimonio
1014 3465 1046 3523 id
1072 3464 1195 3523 omnino

173 3546 383 3610 -acoessariom
397 3545 596 3626 judicaretur,
610 3565 665 3609 nec
678 3549 825 3618 sufficiens
842 3551 1006 3613 necessitati
1029 3549 1195 3613 remedium
