2642 4150
165 245 222 305 25ss
584 221 740 306 Appcatdt'a·
1138 295 1140 298 Ι

203 340 284 402 ΧΙΧ.
310 332 521 403 Postmodum,
543 326 610 388 crim
629 325 700 384 libri
724 322 893 401 perniciosae
906 322 1038 381 lectionis
1063 339 1172 399 magno

167 428 198 487 in
219 437 346 482 numero
369 418 500 494 undique
531 412 709 479 ederentur,
741 425 794 466 nce
814 407 1006 483 Congu-egetis
1028 404 1173 482 generalis

167 503 368 587 Inquisitionis
385 500 529 560 sufficeret
545 496 582 554 ad
601 511 650 554 eos
667 489 894 561 examinandos,
909 491 940 548 S.
964 490 1038 548 Pius
1065 490 1101 548 V.
1125 488 1174 565 (ut

168 591 270 652 usserit
292 583 438 650 Benedict.
468 583 558 644 XIV.
585 580 616 637 in
646 576 762 633 laudata
786 573 866 631 bulla
883 616 891 641 ‚
907 568 1049 649 Sollicito]
1075 589 1174 649 operas

168 675 297 755 pretium
319 671 402 729 duxit
436 682 542 725 novam
576 663 676 720 Romae
707 657 968 733 Congrcgationcm
995 656 1172 728 instituere,

170 756 342 836 appellatum
361 751 490 810 Indicis.
518 766 582 823 quae
607 745 638 802 in
663 741 693 801 id
719 738 805 799 unice
830 737 1035 806 incumberet,
1062 747 1096 795 ut
1118 740 1174 795 Ec-

171 843 286 902 clesiam
309 836 325 895 b
352 836 448 913 pravis
476 832 561 890 libris
585 829 783 905 expurgaret,
805 840 927 899 eamque
958 820 1173 880 confirmdrunt

173 927 292 1003 nemer.
316 921 410 981 XIII.
423 915 526 976 Sioetus
542 915 578 973 V.
599 921 629 969 et
653 906 783 968 Clemens
800 906 890 965 VIII.
911 904 961 980 qui
978 900 1106 962 Clemens
1125 904 1174 961 in-

171 1026 259 1085 super
283 1022 359 1063 auno
380 1003 455 1060 tout
479 999 631 1076 praelatum
657 992 801 1057 Iudicem,
816 987 917 1046 multis
939 986 1044 1054 libris,
1067 988 1175 1063 aquui·

173 1093 286 1168 busque
305 1081 548 1146 declaraIIonib'us
575 1078 729 1136 adauctum
754 1115 763 1140 ,
793 1067 903 1129 iterdm
928 1087 982 1146 per
1008 1077 1103 1127 totum
1125 1088 1175 1127 or·

171 1173 240 1239 bem
255 1172 396 1253 publicari
412 1166 579 1237 mandauit3
599 1161 707 1220 addens
732 1157 819 1215 aliam
845 1152 1176 1212 exeorumunicetionem

91 1289 96 1292 ·
175 1268 275 1322 eontra
301 1256 427 1330 legentes
450 1251 540 1308 libros
555 1244 759 1306 hereticorum
773 1281 781 1306 ‚
796 1234 866 1294 licet
887 1235 941 1311 ipsi
961 1233 1027 1293 libri
1042 1243 1177 1293 errorem

163 1339 235 1403 mon
253 1338 463 1401 continerent,
487 1331 543 1389 nisi
569 1324 651 1406 priris
676 1320 829 1401 approbati
853 1317 985 1388 luerint,
1010 1324 1039 1374 et
1068 1327 1175 1374 contra

176 1427 305 1499 legentes
328 1418 419 1478 libros
440 1413 650 1473 catholicorum
667 1407 704 1466 de
728 1401 832 1462 haeresi
849 1409 1004 1477 suspectos.

215 1509 281 1568 XX.
310 1502 409 1562 Refert
431 1496 480 1557 bic
512 1495 641 1555 brevitor
672 1490 812 1549 adnotare
836 1484 959 1560 Regulos
987 1483 1115 1556 Indicis,
1141 1491 1180 1543 ut

178 1600 315 1656 noscatur
337 1584 436 1663 qubm'
449 1588 535 1640 reetae
554 1579 634 1648 sint,
653 1582 684 1634 et
708 1569 878 1632 necessariae
892 1568 929 1626 ad
952 1585 1106 1626 commune
1124 1566 1180 1625 bo·

178 1692 252 1738 num
272 1673 325 1729 zi.
350 1667 428 1728 Libri
451 1681 552 1723 omnes
567 1663 641 1719 'aute
657 1674 769 1716 annum
798 1654 872 1713 toto
897 1651 1043 1722 damnati,
1064 1651 1180 1709 etiamsi

180 1763 212 1820 in
234 1753 333 1814 Indice
350 1749 487 1825 descripti
507 1764 565 1804 non
595 1743 799 1819 reperiantur,
822 1736 1008 1794 declarantur
1028 1735 1122 1793 vetiti.
1146 1736 1180 1793 2.

180 1840 259 1914 Libri
283 1849 384 1895 omues
402 1846 525 1907 operum
540 1871 548 1896 ,
566 1829 615 1904 qui
638 1826 730 1900 capita
750 1822 797 1879 vel
819 1819 905 1877 duces
927 1819 1047 1876 luerunt
1063 1814 1182 1875 haercti-

180 1940 303 1988 corum‚
324 1912 444 1975 omninb
461 1920 618 1985 vetantur3
637 1919 667 1967 ct
685 1907 774 1965 etiem
796 1921 896 1963 omnes
909 1902 957 1959 alii
976 1894 1184 1959 baereticorum

181 2009 250 2070 libri
270 2003 314 2062 de
339 1996 479 2080 reltgione
507 2003 687 2065 tractantes,
715 1988 812 2048 caeteri
846 1995 944 2043 autem
977 1982 1184 2041 haeretieorum

183 2087 314 2174 permitti
336 2090 480 2160 possunt,
505 2077 592 2137 modb
614 2077 724 2135 luerint
744 2071 922 2141 examinati,
944 2077 973 2128 ct
997 2068 1121 2145 probati.
1149 2069 1183 2126 5.

183 2175 339 2251 Scriptura
353 2210 361 2236 ,
375 2174 405 2224 et
420 2163 489 2223 libri
513 2161 778 2220 controversiarum
792 2158 822 2214 in
838 2156 938 2232 lingua
951 2151 1104 2210 vernacula
1122 2169 1186 2209 nou

183 2256 392 2338 permittantur
413 2288 421 2319 ,
441 2247 503 2305 siue
521 2243 712 2320 permissione
732 2249 831 2299 autem
849 2239 904 2314 legi
926 2252 985 2293 uon
1000 2242 1129 2311 possunt.
1149 2237 1185 2293 l.

186 2339 313 2410 testea,
346 2327 584 2403 Concordantice,
614 2324 755 2394 Indices,
788 2333 819 2381 et
846 2323 902 2380 alia
927 2317 1119 2394 hujusmodi,
1151 2318 1188 2376 iu

183 2427 289 2508 quibus
307 2419 392 2501 poene
406 2417 481 2479 nihil
501 2416 636 2478 Auctoris
656 2413 785 2472 lroeretici
810 2410 959 2480 habetur,
979 2407 1099 2483 probata
1117 2423 1190 2482 pcr-

184 2511 262 2572 mitti
280 2513 411 2587 possunt.
436 2506 464 2566 b.
492 2501 572 2566 Libri
598 2500 731 2561 obscoeua
751 2504 907 2554 tractantes
926 2489 1056 2551 absolute
1083 2487 1191 2566 prohi-

185 2597 316 2664 bentur,
346 2589 479 2671 quemvis
503 2605 562 2649 non
590 2582 778 2644 inveniantur
805 2579 836 2636 io
860 2577 958 2636 Indice
977 2574 1126 2650 descripti.
1152 2573 1188 2631 6.

186 2679 299 2740 Pariter
319 2683 457 2733 vetantur
470 2690 571 2735 omncs
590 2668 682 2736 libri,
702 2673 730 2723 et
748 2664 853 2738 scripta
868 2657 1095 2727 necromantiae,
1118 2673 1193 2732 geo·

187 2761 327 2829 mantice,
349 2756 589 2834 bydromuntiae‚
612 2750 829 2834 pyromantioe,
851 2743 1070 2814 bonomautiae,
1090 2737 1193 2797 chiro·

187 2845 329 2911 mantiae,
353 2842 516 2921 astrologiae
532 2840 728 2917 judiciariae,
758 2844 788 2897 et
813 2826 909 2892 omnia
939 2828 994 2886 alio
1017 2826 1049 2884 in
1081 2822 1194 2900 quibus

189 2926 378 2985 continentur
400 2923 570 2998 sortilegia,
594 2924 754 2991 veneficia,
784 2938 817 2978 ac
844 2911 971 2991 auspicia
995 2930 1004 2966 t
1028 2916 1058 2966 et
1086 2915 1194 2964 contra

186 3008 250 3068 boec
271 3007 398 3080 legentes
420 3007 466 3065 rel
487 3005 627 3064 babentes
640 3006 757 3081 procedi
772 3007 1028 3083 potesttamquam
1041 2998 1194 3065 suspectos

187 3091 225 3151 de
245 3088 358 3148 heresi.
379 3087 410 3145 7.
428 3088 463 3147 In
487 3088 677 3166 impressione
695 3089 936 3165 Scripturarum,
958 3088 988 3138 et
1005 3074 1131 3135 aliorum
1155 3071 1196 3131 li·

187 3173 311 3234 brorum
344 3169 521 3227 servendum
554 3177 598 3227 est
618 3179 761 3232 statutum
787 3171 818 3232 in
844 3163 974 3227 Concilio
1003 3154 1195 3219 Lateranonsi

189 3271 258 3318 8088·
274 3253 338 3347 ⁴⁰st
358 3267 463 3328 nempe
479 3258 512 3310 ut
536 3269 595 3330 non
616 3253 843 3329 imprimantur,
866 3248 922 3311 nisi
945 3263 980 3305 ex
1006 3241 1195 3320 superiorum

189 3337 389 3418 permissione.
411 3334 488 3395 'Idm
513 3337 620 3412 regulae
636 3337 794 3398 traduntur
810 3351 867 3412 pro
894 3327 1061 3390 visitatione
1082 3322 1196 3384 Biblio-

191 3421 366 3488 thecarum',
398 3426 428 3477 et
459 3418 731 3496 Typograpbiarum
760 3438 770 3480 ι
798 3419 870 3476 item
900 3413 1107 3474 instructiones
1136 3422 1196 3482 pro

191 3501 338 3579 Episcopis
353 3542 362 3572 ‚
377 3499 561 3578 bibliopolis,
575 3502 631 3561 etc.
649 3501 776 3563 Demirm
794 3501 973 3566 declaratur,
993 3489 1073 3574 qubd
1094 3490 1198 3564 legen·

188 3591 236 3645 tes
257 3585 305 3643 rel
326 3581 466 3647 habentes
481 3583 595 3646 librum
613 3595 734 3665 propter
751 3583 818 3645 salsi
834 3579 978 3661 dogmatis
997 3572 1203 3654 suspicionem
