2642 4150
446 182 529 266 Pura
538 176 675 272 netum.
695 179 794 262 Caput
810 181 858 243 11.
1097 187 1154 251 iob

143 315 158 343 a
184 301 355 352 anmatos.
368 279 390 339 a
400 284 439 344 lit
448 282 589 360 quoniam
608 281 640 343 iu
651 281 757 344 iisdem
771 281 939 361 apostolicis
952 283 1058 348 litteris
1067 304 1157 368 super

141 367 415 452 dispensationibus
437 366 474 426 iu
501 364 641 444 gradibus
666 363 849 446 prohibitis.
876 366 1002 446 aliisque
1028 373 1155 449 praetatis

140 451 368 536 impedimentis
379 448 523 513 nonnulla
536 449 688 511 obseruata
700 457 789 521 sunt,
803 469 871 529 quau
882 453 1038 530 negotium
1050 473 1155 517 exeru-

140 540 257 602 toribus
270 537 452 616 quandoque
460 531 602 596 exhibere
612 577 621 607 ‚
631 542 663 598 et
674 534 828 613 serupulus
837 543 942 596 eorum
951 537 1059 598 animis
1072 539 1155 617 iuge·

140 641 208 684 reru
220 623 338 694 solent,
351 616 520 698 apostolieae
538 626 645 680 nostras
661 619 871 680 sollicitudinis
893 621 971 694 erit,
990 638 1024 682 oa
1047 621 1156 684 diluci-

139 706 208 769 dius
224 715 257 768 et
274 701 408 785 apat-tilis
427 704 458 765 in
473 700 577 764 iisdem
589 701 842 782 dispensationum
861 704 968 764 litteris
989 707 1154 784 apostolicis

138 807 305 871 exponere,
319 787 528 860 selecturus,
541 794 575 846 ut
587 788 669 848 omui
686 786 871 848 dubitatione
878 787 1048 862 sublatl‚et
1059 793 1153 852 causis

138 894 239 938 euram
262 882 422 934 executore
445 869 617 946 hujusmodi
639 870 850 947 probationum
872 889 981 950 genere
999 874 1150 952 probatis,

138 977 201 1039 quo
210 960 250 1020 de
260 959 381 1018 illarum
397 955 523 1014 veritate
536 954 689 1015 moraliter
700 963 798 1015 certus
810 954 953 1016 reddatur
964 998 974 1032 s
986 957 1151 1034 apostoticae

140 1046 263 1104 littore
270 1037 537 1101 matrimonialium
554 1035 806 1115 dispensationum
815 1038 881 1100 sine
896 1038 957 1100 uba
967 1036 1151 1104 hesitatione

142 1126 326 1187 addubitem
343 1122 549 1184 ornationem
559 1120 666 1186 deduci
682 1123 808 1201 possint.

181 1210 355 1271 blandamus
374 1223 513 1287 quoque,
523 1214 554 1266 at
564 1205 865 1283 iujungimusdileeto
879 1206 1150 1274 iilioaustroPum·

140 1293 210 1375 pojo
223 1294 304 1355 tituli
322 1291 413 1353 saneti
423 1290 543 1352 Eusebii
556 1290 587 1352 S.
602 1292 740 1351 Romane
751 1291 885 1353 Ecclesiae
896 1293 1072 1373 Presbytero
1084 1297 1149 1357 Cas·

139 1379 237 1440 diuali
257 1375 443 1437 llldorrando
455 1383 626 1454 nuncupato
637 1374 809 1434 Prodatario
822 1383 923 1437 nostro
936 1420 945 1452 ,
959 1378 1080 1456 ejusque
1089 1398 1150 1441 sue·

141 1462 311 1524 sessoribus
333 1461 454 1522 muria
473 1460 643 1539 apostoliae
658 1456 857 1529 Prodatariis,
875 1475 928 1519 seu
953 1462 1079 1522 Datariis
1093 1480 1149 1540 pro

142 1556 283 1623 tempure
300 1546 511 1617 undantibus,
532 1552 566 1605 ut
585 1543 617 1603 iu
641 1542 802 1621 premissis
824 1559 912 1618 reus,
934 1549 965 1604 et
990 1545 1149 1624 culpabiles

139 1637 278 1709 repertos
296 1630 382 1707 puni
396 1629 479 1702 fulsi,
499 1626 727 1707 alpinianus,
743 1626 893 1705 puniant,
912 1646 982 1690 eum
1005 1637 1149 1708 potestate

136 1712 269 1789 uitandi,
289 1715 379 1776 ubam
394 1732 449 1794 per
461 1712 752 1783 edictum‚eonstito
771 1710 931 1775 summarii
943 1712 980 1775 do
999 1733 1061 1777 uon
1084 1723 1148 1784 tuto

137 1817 275 1877 assessu,
297 1800 413 1878 aliaque
424 1798 561 1871 dicendi,
581 1806 612 1860 et
624 1797 748 1858 faciendi
758 1797 791 1859 in
802 1799 958 1877 premissis
967 1802 1146 1876 necessaria,

136 1902 192 1945 sou
216 1884 439 1963 quomodolibet
451 1892 629 1963 opportuna.
642 1884 711 1945 Non
725 1881 912 1945 obstantibus
927 1886 1148 1948 constitutioni·

138 1968 196 2030 bus
208 1977 238 2029 ot
253 1968 492 2030 ordinationibus
501 1967 669 2047 apostolicis
676 2012 686 2043 ‚
698 1969 832 2040 statutis,
845 1975 877 2028 et
885 1969 1147 2030 consuetudinibus

135 2062 168 2114 et
190 2053 343 2131 quibusvis
362 2052 486 2114 indultis
508 2063 538 2114 et
566 2052 729 2134 privilegiis
751 2052 988 2132 quibuscumque
1012 2054 1146 2133 personis

134 2139 228 2199 etiam
240 2138 359 2217 speciali
372 2141 523 2201 mentione
530 2139 642 2218 dignis,
655 2139 743 2211 datis,
757 2147 815 2199 eto.
829 2141 938 2198 Datum
952 2138 1054 2199 llomoe
1067 2139 1146 2218 apud

134 2223 167 2282 S.
185 2225 310 2283 uarum
330 2224 472 2302 Major-em
484 2224 592 2302 quinto
613 2224 675 2287 Cal.
690 2219 818 2284 'llartias
830 2240 909 2283 anno
932 2223 1145 2287 lucaruatiouis

133 2305 302 2367 Dominicn
315 2309 403 2369 tuta.
416 2308 609 2370 Pontificattis
621 2308 716 2371 nostri
734 2326 814 2371 auno
828 2306 970 2371 emunda.

172 2475 233 2536 llis
235 2474 328 2556 jaceat
336 2473 442 2537 adalam
453 2478 506 2538 SS.
515 2480 556 2538 D.
568 2478 610 2539 N.
626 2474 780 2539 Clementis
790 2478 887 2543 xiil.
902 2452 1145 2543 consututiouaa

130 2560 169 2622 ‹te
176 2558 299 2641 jejunio
313 2603 322 2633 ,
334 2568 454 2639 quaest
466 2559 658 2641 assequitur.

134 2730 361 2797 treaerotttitus
379 2735 556 2810 Fratribus,
569 2734 778 2810 Patriombt‘s,
800 2732 985 2798 Priaautt'btts
999 2777 1011 2809 ‚
1023 2733 1143 2799 Arabia·

452 2820 598 2902 pompis,
615 2818 824 2901 atEpiasopt's.

106 3058 159 3147 χ
264 3002 614 3136 CLEMENS
638 3003 834 3135 ΡΑΡΑ
854 3004 1016 3141 XIII.
1116 3116 1119 3123 .

243 3240 426 3306 Vtrannbiles
451 3246 595 3317 Fauiam,
619 3242 771 3325 solmam,
795 3254 825 3311 et
850 3218 1040 3330 apostolieum
1112 3243 1118 3251 ’

521 3325 766 3393 Battdt‘attbnem.
891 3419 895 3425 .

169 3489 340 3568 Appetente
361 3506 444 3551 mero
466 3488 708 3572 quadragesimali
732 3503 888 3573 tempore,
907 3492 998 3571 quod.
1016 3488 1139 3566 plenum

124 3572 285 3653 mysteriis
296 3590 359 3636 uon
373 3576 437 3638 sista
448 3576 588 3653 mysterio
607 3595 746 3657 magam
761 3579 845 3659 illam
861 3575 977 3657 Paschae
991 3570 1139 3635 selebi-ita·
