2642 4150
192 180 232 241 lb
398 179 443 242 De
457 194 646 241 romanorum
660 175 776 258 Pontis.
788 176 923 250 decretis,
936 185 988 243 etc,

194 281 375 360 tiescunaque
391 298 465 359 opus
487 279 576 340 tuerit
585 324 595 356 ‚
613 278 734 340 idoncos
748 279 879 344 Vicarios
890 299 958 342 cum
972 289 1121 347 certorum
1132 282 1196 345 iru-

195 374 296 426 etuurn
315 366 510 443 assignatione
533 365 569 424 ad
592 364 726 425 eamdem
745 380 845 425 curam
868 364 1059 428 exercendam
1087 367 1198 448 eligant

196 467 229 509 ac
242 449 403 527 deputent,
417 450 461 509 uti
478 448 581 511 videre
600 457 643 513 est
656 467 727 509 sess.
740 449 769 510 b.
782 468 808 510 c.
824 452 854 511 ἓ.
871 468 940 511 sess.
960 451 991 510 7.
1012 469 1038 511 c.
1060 452 1090 511 5.
1111 461 1141 513 et
1164 454 1196 513 7.

195 551 264 594 sess.
278 536 326 595 ut.
341 553 366 594 e.
381 536 411 594 b.
432 551 500 594 sess.
523 534 573 593 lb.
595 552 621 594 e.
638 534 701 610 ts.;
713 550 775 597 non
796 533 865 597 rarb
884 544 982 595 autem
1006 536 1142 608 eveniat,
1160 548 1197 598 ut

124 608 131 626 ⁸
195 618 293 697 aliqui
315 618 439 679 Ecclesia
461 618 619 697 parochiali
639 628 779 692 vacante,
795 620 927 680 vicarius
940 619 1061 763 pariter
1081 621 1119 680 ad
1139 624 1199 685 im-

197 701 304 780 plenda
329 701 499 783 hujusmodi
522 703 654 763 Ecclesiae
678 722 786 776 onera,
809 721 937 782 usquea
982 704 1051 765 novi
1078 710 1200 767 rectoris

196 788 387 861 electionem,
410 788 447 849 ab
468 789 611 868 Episcopo
630 788 765 866 deputari
794 789 921 861 debeat,
943 788 1046 850 codem
1069 792 1200 854 Concilio

198 872 372 933 Tridentino
392 873 422 933 id
438 870 563 949 jubente
578 891 645 933 sess.
660 875 709 937 ut.
730 891 756 935 e.
774 875 822 939 28.
837 874 874 934 de
892 873 1051 934 Reiorum.
1063 879 1199 943 nonnulli

198 972 234 1016 ea
252 955 421 1034 hujusmodi
445 956 569 1019 vicariis
587 959 727 1019 nituntur
750 976 782 1017 se
807 956 919 1037 ipsust
940 958 1079 1036 praedicta
1094 961 1202 1041 obliga-

198 1043 279 1103 tione
290 1043 481 1119 subtrahere,
495 1043 591 1104 velex
607 1061 642 1105 eo
659 1044 757 1122 qubd,
771 1044 912 1109 habituali
926 1044 994 1104 curt
1008 1058 1096 1123 peucs
1109 1048 1201 1108 alium

198 1144 249 1187 seu
276 1129 348 1189 ulios
365 1129 530 1206 residente,
554 1130 609 1209 ipsi
626 1131 770 1191 actualem
790 1131 942 1191 dumtaxat
962 1142 1135 1211 exerceant,
1152 1137 1200 1195 rol

197 1211 277 1291 qubd
299 1213 355 1292 ipsi
379 1213 440 1274 siut
461 1212 498 1274 ad
518 1223 626 1274 nutum
641 1215 829 1276 amoribiles:
847 1215 895 1274 vel
916 1213 953 1275 ad
977 1213 1067 1276 breve
1085 1226 1201 1296 tempus

198 1294 366 1373 hujusmodi
382 1315 461 1358 eurae
477 1297 538 1357 siut
554 1298 662 1361 addicti
673 1306 717 1372 ,ut
737 1298 812 1358 nihil
825 1296 873 1359 hie
886 1299 1042 1377 loquamur
1064 1299 1103 1360 de
1115 1318 1202 1379 paro·

199 1380 261 1443 ehis
273 1383 485 1460 negatoribus,
500 1382 551 1460 qui
571 1380 587 1443 h
604 1382 743 1463 praedicta
762 1383 955 1461 applicatione
972 1383 1068 1445 missae
1081 1404 1135 1463 pro
1154 1405 1204 1465 po

199 1467 270 1546 pulo
285 1485 508 1544 nonnumquam
523 1466 633 1529 alienos
652 1468 861 1528 seustenduut.
874 1468 979 1547 ltaque
991 1486 1073 1533 meus
1084 1477 1201 1547 uestra,

200 1559 229 1612 et
248 1550 392 1611 sententia
415 1558 475 1626 est,
495 1550 584 1612 sicuti
599 1553 688 1613 etiam
704 1549 816 1632 pluries
832 1546 1059 1633 dprcetaudotis
1079 1555 1204 1637 Corcyre-

198 1634 368 1716 potiouibus
381 1634 552 1715 judicatum
570 1630 632 1715 licit
645 1654 680 1696 uc
697 1633 869 1715 definitum,
888 1632 968 1715 qudd
982 1645 1121 1697 emarcet
1140 1640 1206 1699 siu·

197 1717 267 1802 puli
278 1763 286 1787 ‚
309 1719 364 1798 qui
385 1725 453 1778 actu
480 1721 651 1779 animarum
674 1726 947 1790 cneocaesaream,
971 1727 1000 1780 et
1022 1738 1082 1781 nou
1107 1709 1205 1782 abluar

197 1801 323 1886 paroclri
342 1810 397 1862 out
423 1801 537 1863 Vicurii
554 1800 730 1877 seculares,
754 1801 855 1864 uerum
884 1802 974 1864 etiem
999 1803 1122 1886 parochi
1151 1813 1206 1866 aut

206 1886 318 1948 Vicurii
336 1883 501 1968 reputares,
522 1905 582 1948 uuo
603 1888 704 1958 aerbo,
722 1905 822 1950 omues
837 1894 867 1948 et
888 1885 1019 1968 siupuii,
1039 1886 1074 1953 de
1097 1889 1207 1968 qubus

199 1969 417 2052 supradictum
437 1978 498 2041 est,
516 1980 605 2052 atque
627 1969 685 2032 ulii
697 1976 873 2053 quicumque
894 1972 984 2032 etiam
1004 1971 1159 2054 specificat,
1178 1982 1208 2034 ct

199 2054 357 2119 indiuiduo
371 2053 517 2118 mentione
536 2056 633 2138 dipui,
649 2059 732 2139 equi
745 2055 1031 2120 terreanturruisseur
1048 2055 1209 2139 parochie·

200 2139 258 2203 iem
282 2138 432 2221 applicare
458 2160 515 2223 pro
541 2139 651 2225 papula
662 2188 673 2219 ,
699 2150 736 2203 ut
764 2139 940 2224 prefertur,
963 2141 1096 2226 ipsorum
1127 2160 1208 2204 curce

201 2243 369 2289 rammasse.

238 2310 382 2371 Nonnulli
399 2308 471 2371 verb
493 2310 530 2369 ad
549 2311 722 2376 evitandum
746 2309 918 2388 hujusmodi
937 2310 1124 2388 obligationis
1149 2312 1209 2372 im·

201 2395 384 2475 plemcntum
398 2394 524 2473 allegare
543 2395 654 2468 solent,
669 2412 814 2475 congruos
829 2398 885 2457 sibi
897 2394 1042 2476 parochiae
1056 2396 1208 2457 sueredi-
1247 2399 1251 2408 '

200 2489 249 2541 tus
265 2495 326 2539 nou
352 2489 528 2557 suppeterc3
550 2480 600 2539 alii
619 2479 747 2557 denique
771 2480 808 2541 ad
834 2482 1026 2542 inveteratam
1049 2488 1208 2541 cousuetu-

201 2564 303 2626 dinem
332 2564 525 2643 cuufugiuut,
552 2565 727 2628 sustinentes
754 2564 786 2625 id
810 2583 906 2644 neque
930 2565 1007 2636 sibi,
1026 2582 1123 2646 aeque
1155 2564 1208 2625 de·

201 2648 366 2711 semoribus
396 2650 482 2723 suis,
513 2666 567 2728 per
600 2649 723 2727 longum
751 2658 890 2729 tempus,
926 2648 1006 2728 quod
1047 2650 1208 2709 immemo-

201 2735 294 2796 rabile
311 2733 482 2806 affirmant,
499 2752 641 2811 umquam
658 2735 690 2792 iu
708 2751 763 2793 usu
777 2735 876 2796 luisse.
889 2735 954 2795 Nos
965 2741 1062 2794 autem
1079 2731 1210 2816 adpree-

201 2816 328 2879 ecdeutes
338 2814 729 2898 predictoeeouprcpatiouis
740 2814 1208 2879 Conciliircsotutiouesuestram

202 2899 460 2982 approbatum,
481 2908 510 2960 et
525 2897 776 2979 confirmatiorem
790 2899 993 2980 extendimus,-
1013 2910 1042 2963 et
1061 2901 1209 2982 queunte

251 3002 277 3045 rs
297 2983 359 3054 sit,
382 2985 558 3045 auctoritate
583 2982 744 3067 apostolica
767 2986 874 3047 iterum
896 2995 993 3049 tenore
1015 2987 1208 3067 presentium

223 3068 400 3141 corruimus,
423 3075 452 3129 ct
472 3065 674 3145 declaremus,
694 3068 792 3151 quid,
813 3066 1207 3154 thamnathsareth,

202 3159 236 3213 ut
260 3153 372 3232 rupert,
394 3152 567 3214 animarum
584 3172 687 3220 eureus
709 3153 866 3227 habentes,
891 3155 1027 3238 mrcpruis
1047 3152 1209 3237 praefinitis

202 3234 342 3297 reditibus
357 3234 572 3311 destituantur,
586 3245 615 3299 et
632 3238 768 3318 quamuis
786 3239 913 3323 antique
931 3257 982 3301 seu
997 3239 1088 3300 etium
1104 3238 1209 3299 imme·
1312 3287 1313 3298 ,

201 3316 341 3381 morabiti
360 3320 566 3384 cousrutudiue
589 3321 623 3382 iu
642 3322 775 3404 ipsorum
795 3321 961 3386 dioecesibus
981 3341 1032 3385 seu
1055 3321 1209 3405 parochiis

201 3405 378 3477 obtinuerit,
401 3416 437 3468 ut
458 3406 623 3488 missaper
644 3402 755 3488 populo
779 3425 839 3471 uon
865 3404 1080 3490 applicaretur,
1105 3405 1209 3470 eudem
1311 3413 1312 3478 l

202 3486 396 3551 nihilomiuus
412 3490 534 3552 amuired
551 3491 585 3550 iu
599 3497 748 3571 posterum
760 3490 797 3553 ab
811 3491 885 3572 ipsis
900 3490 1001 3554 aeteae
1012 3487 1172 3572 applicari.

240 3572 319 3637 Dum
341 3584 440 3639 tamen
458 3574 603 3653 diximus,
627 3592 730 3637 omncs
748 3576 915 3640 animarum
939 3593 1039 3637 curam
1064 3574 1208 3639 habentes
1311 3555 1312 3630 ἶ
