2642 4150
392 154 617 239 Replicatoque.
634 159 805 239 caprum.
1048 169 1105 228 155

114 265 183 330 unde
200 262 260 343 qui
274 259 469 341 personaliter
487 258 608 318 Romam
626 259 670 318 ire
685 259 868 337 impeditur,
886 260 1010 322 solvitur
1022 268 1104 325 omni

112 350 161 410 olii
169 347 353 426 obligatione.
370 340 442 404 Vide
452 340 474 400 l.
491 343 519 400 7.
538 360 569 400 n.
584 343 633 402 89.

145 434 234 492 lb·-
248 426 418 489 Notandum
429 425 461 483 i.
479 423 559 501 quid
573 424 710 501 ,quando
720 427 865 503 penitens
875 429 1015 505 nequitsc
1027 428 1105 490 Pon·

113 514 174 575 tiiici
194 517 393 590 prasentare,
413 514 530 567 tenetur
549 509 712 569 necessario
734 509 771 568 ad
795 510 970 588 Episcopum
996 510 1105 573 babere

111 614 278 668 recursum,
301 603 337 654 ut
355 592 522 652 absolvatur
543 591 559 651 b
579 594 701 653 censuri
724 594 817 671 papali
832 638 842 669 ,
860 604 894 655 ιιι
922 594 1047 656 liabetur
1068 614 1105 657 cx

111 702 134 743 o.
154 684 195 741 lle
206 688 305 740 eoetero
323 680 352 738 l.
371 683 401 736 et
418 694 486 752 cop.
500 674 749 746 nanceianum
763 685 837 736 seut.
849 696 958 738 excom.
979 681 1102 752 Quando

111 763 175 826 verb
197 780 251 823 nec
273 762 362 821 etiam
381 776 413 817 se
432 767 528 835 potest
546 759 687 835 Episcopo
706 769 881 835 praesentare
902 761 1002 840 (etiam
1021 771 1102 823 extra

111 847 207 909 mortis
230 840 407 925 periculum)
432 849 475 900 cst
488 841 574 900 valde
587 842 737 917 probabile
749 861 816 903 oum
837 846 924 918 Soto,
944 846 1101 917 Nascere,

110 934 233 1004 Saurea,
249 923 441 1007 Cestropelco
454 968 462 995 ,
475 927 612 1005 Loymoo
626 970 635 1002 ,
655 927 782 1008 Rooccp.
804 924 1100 999 Salmanttccostoas,

110 1017 153 1076 lc
179 1010 290 1080 Croiac,
313 1015 365 1069 etc.
389 1007 468 1085 quod
489 1009 598 1068 absolvi
620 1007 742 1086 possitb
765 1026 950 1087 quocumque
975 1012 1102 1089 simplici

111 1095 281 1158 confessario
298 1092 374 1170 (cum
393 1092 569 1170 obligatione
582 1101 680 1152 tamen
691 1109 722 1151 se
733 1093 925 1169 praesentaudi
943 1095 1101 1173 Episcopo,

110 1185 233 1241 cessante
254 1174 475 1252 impedimento)
490 1185 523 1233 ut
535 1174 691 1236 deducitur
708 1192 744 1233 ex
768 1182 849 1235 textu
862 1177 893 1235 in
904 1194 971 1255 cup.
985 1178 1101 1256 Nuper,

110 1258 171 1324 eod.
185 1259 232 1319 tit.
251 1257 322 1319 Vide
331 1253 383 1318 tit.
401 1260 430 1316 7.
442 1275 474 1316 n.
490 1260 539 1318 99.
559 1260 594 1317 Ει
613 1265 684 1317 tunc
696 1257 839 1328 dicimus,
859 1258 939 1334 qubd
958 1261 1103 1335 paenitens

110 1341 321 1421 probabiliter.
335 1358 388 1417 per
408 1358 445 1405 sc,
456 1341 626 1417 loquendo,
640 1349 675 1399 ιιι
687 1341 790 1401 dicunt
802 1338 967 1418 Cestropcl.
980 1342 1101 1402 Gemon.

108 1428 208 1497 Setos,
220 1426 253 1485 S.
273 1422 454 1495 Antoninus,
475 1427 576 1505 Lupo,
600 1421 712 1495 Scias,
730 1431 802 1494 etc,
817 1440 878 1483 non
898 1432 1017 1482 tenetur
1034 1442 1106 1484 con·

113 1508 193 1570 fiteri
220 1516 335 1585 peccata
355 1517 518 1579 reservata,
535 1508 592 1568 nisi
613 1508 731 1583 quando
751 1507 783 1566 in
800 1507 858 1565 illis
875 1515 919 1567 eat
940 1507 1104 1578 recidivus,

108 1599 160 1652 aut
181 1592 297 1652 ratione
313 1590 430 1652 illorum
452 1599 530 1651 extet
561 1591 593 1650 in
617 1591 767 1651 occasione
788 1590 945 1667 proxima,
974 1590 1046 1651 adab
1071 1599 1106 1650 ut

109 1692 223 1737 necesse
249 1674 286 1733 sit
305 1674 353 1733 illa
379 1675 583 1748 manifestare,
605 1684 638 1732 ut
666 1675 856 1734 confessarius
875 1672 955 1735 recte
973 1674 1105 1751 judicare

108 1760 200 1820 valeat
216 1757 255 1817 dc
268 1754 333 1834 ejus
355 1757 556 1836 dispositione.
586 1756 659 1819 Vide
681 1755 731 1819 lib.
749 1760 780 1817 e,
796 1776 829 1817 n.
843 1760 913 1820 965.
926 1776 957 1817 c.
983 1759 1040 1831 Qu.
1056 1760 1102 1818 ll.

108 1845 144 1903 Et
164 1841 283 1919 quando
317 1842 463 1917 poenitcns
482 1850 526 1900 est
547 1841 579 1899 iu
605 1843 709 1900 mortis
739 1842 886 1916 articulo,
912 1839 1106 1919 probabiliter

104 1926 195 1987 ctiam
213 1932 357 2003 prnsemc
380 1924 521 2001 Episcopo
535 1923 644 1983 absolvi
665 1923 795 2001 potestis
817 1923 930 1983 casibus
953 1924 1106 1999 papalibus

5 2044 6 2074 t
106 2009 321 2088 lquocumquc
332 2007 525 2082 confessari03
538 2007 569 2064 in
590 2015 686 2067 morte
703 2009 783 2066 cuim
798 2007 844 2085 (ut
859 2005 997 2083 diximus)
1015 2010 1106 2063 cessat

106 2108 298 2172 mecumque
321 2090 489 2150 reservatio.
521 2090 651 2151 Dicimus
675 2091 691 2149 ia
711 2091 827 2151 casibus
842 2085 1029 2169 ,paraclitum
1053 2087 1106 2146 scd

105 2193 167 2236 non
184 2173 203 2233 b
222 2173 335 2233 casibus
349 2172 503 2239 reservatis
521 2190 589 2233 cum
610 2191 731 2233 censura
755 2174 792 2233 ab
815 2173 919 2232 eodem
945 2171 1105 2248 Episcop03

105 2258 247 2335 quoniam
272 2254 469 2324 confessarius¹
487 2254 575 2315 etiam
605 2257 783 2318 moribundo
810 2255 967 2332 injungere
992 2254 1104 2325 debet,

105 2338 198 2414 qubd'
217 2357 250 2397 se
273 2345 432 2415 presentet
452 2354 506 2396 suo
538 2340 710 2416 superiori,
730 2357 798 2399 casu
820 2357 879 2416 quo
905 2339 1104 2407 convalescat,

106 2431 141 2483 ut
167 2422 292 2499 accipiat
316 2420 355 2479 ab
385 2419 488 2481 eodem
513 2429 573 2481 tam
602 2425 825 2480 convenientem
850 2421 1105 2489 admonitionem,

105 2505 197 2583 quim
208 2504 411 2582 penitentiam
437 2503 475 2563 ob
496 2522 635 2565 censuras
660 2512 847 2572 reservatas,
867 2503 1000 2577 quamvis
1023 2502 1107 2559 abso*

104 2589 204 2657 lutas,
220 2586 305 2662 juxta
331 2603 517 2647 communem
535 2587 712 2647 sententiam
729 2607 737 2643 a
757 2585 836 2643 unde
853 2584 1002 2658 quomodo
1013 2590 1109 2659 potest

105 2669 180 2731 inde
201 2670 352 2745 absolvere
362 2671 514 2746 superiore
527 2679 686 2747 presente,
707 2666 773 2727 eide
797 2664 847 2725 lab.
867 2667 897 2722 7.
919 2682 951 2722 c.
976 2665 1025 2723 99.
1049 2663 1107 2723 Sed

101 2761 290 2813 transeamus
311 2752 349 2813 ad
366 2752 485 2834 relique,
504 2752 676 2830 privilegia,
693 2761 723 2812 et
739 2749 905 2820 facultates,
921 2747 1028 2824 quibus
1040 2766 1109 2826 gnu-

101 2837 179 2898 dent
195 2836 340 2912 Episcopi.
479 2900 483 2907 ‚

143 2919 318 2978 att-11.
343 2918 449 2978 Extant
468 2917 500 2978 iu
526 2918 594 2994 jure
616 2919 750 2996 quadam
774 2915 1107 2991 excommunicationes,

101 3017 238 3077 quarum
262 2999 406 3060 absolutio
425 3003 631 3063 tantummodo
654 3001 803 3080 Episcopis
829 3010 873 3060 est
887 3010 1056 3079 reservata3
1079 3012 1110 3062 et

98 3090 178 3143 sunt
191 3084 223 3141 l.
240 3083 349 3142 Contra
365 3083 561 3160 percutientes
579 3086 741 3156 clericum,
764 3085 808 3144 vel
837 3084 1036 3158 monachum,
1057 3087 1109 3145 uel
1184 3138 1193 3148 .

99 3164 197 3224 aliam
226 3181 383 3241 personam
407 3164 563 3225 habentem
584 3168 774 3244 privilegium
802 3169 930 3227 cunonis.
950 3171 980 3228 9.
1002 3172 1109 3229 Contra

97 3252 302 3323 procurantes
322 3247 459 3309 abortum
476 3247 565 3309 ,ioetds
582 3248 714 3308 animati.
736 3251 765 3308 5.
778 3251 970 3324 Contracos,
990 3253 1041 3330 qui
1059 3251 1111 3309 ab·

97 3329 269 3389 solvuntur
282 3330 315 3409 in
339 3332 443 3393 mortis
456 3331 579 3393 articulo
598 3329 616 3390 b
637 3349 758 3393 censura
776 3333 922 3408 Episcopis
938 3339 1082 3391 reservata
1100 3369 1108 3395 ‚

97 3419 133 3469 ct
164 3419 286 3487 postea,
306 3413 477 3489 recuperata
497 3414 642 3486 unitate,
662 3431 723 3474 uon
742 3423 846 3474 curant
864 3430 896 3471 se
914 3415 1009 3472 eidem
1035 3426 1110 3484 praa·

93 3502 237 3636 schtare.
250 3493 288 3636 1⁴(
307 3495 423 3573 Contra
436 3496 551 3571 Fratres
570 3498 698 3567 lliuorcs
717 3497 905 3558 admittentes
921 3497 956 3616 ip
976 3491 1035 3555 suis
1058 3488 1111 3547 Ec-

172 3592 235 3636 um.
285 3616 295 3637 .
923 3577 961 3631 ta
