2642 4150
181 188 220 247 58
389 183 434 240 De
448 167 767 250 rcaaaoaormul’outlfi
780 165 919 244 decretio,
934 170 987 227 etc.

178 286 253 351 otiare
267 282 393 346 videtur.
407 277 526 341 Accedit
538 275 647 345 etiam,
673 269 754 351 qued
770 268 897 341 medici,
912 266 1051 327 facilitate
1060 262 1191 343 quedam
1234 279 1237 283 ·

181 368 348 432 incredibili
362 365 523 445 peculiares
547 359 669 439 quidem
681 358 758 417 cives
769 352 786 415 e
798 352 1028 435 quadragesimae
1040 355 1189 428 precepto

181 457 312 527 liberos,
335 461 367 514 et
385 452 533 511 immunes
553 447 713 507 decernere
732 443 845 504 soleant
867 438 917 519 (de
934 455 993 515 qua
1017 453 1061 494 re
1077 435 1189 512 gravis-

181 540 254 603 sime
268 537 407 600 monendi
420 534 438 595 e
453 535 536 594 vobis
546 539 633 604 sunt,
646 547 684 589 ne
695 527 881 588 sunsanimas
897 519 1079 598 indulgendo
1099 517 1189 577 nimis

182 622 352 704 aggravent)
363 643 373 698 ς
386 619 454 681 cium
464 616 535 681 vere
547 635 601 694 pro
616 613 761 675 universis
775 610 889 671 civibus
902 607 980 666 idem
1001 601 1189 663 statuendum

183 710 379 791 proponitur,
397 704 462 765 tem
477 721 508 763 se
531 700 685 771 difficiles,
707 697 825 767 anxios,
843 713 875 753 ac
896 691 1035 752 sollicitos
1053 694 1191 765 praestare

183 813 237 856 nos
251 794 306 871 ipsi
320 790 432 869 experti
450 806 562 849 sumus.
578 781 730 846 Postreme
742 783 766 842 si
779 781 872 840 velint
885 789 1058 856 percurrere
1070 790 1116 841 ea,
1125 789 1192 847 quaa

184 878 331 948 initalia,
351 885 380 936 ct
396 883 478 936 extra
497 873 592 959 ipsam
611 866 824 948 praeclarissimi
839 872 971 923 auctores
985 857 1090 918 medici
1112 855 1191 932 typis

184 963 379 1039 evulgarunt,
399 956 483 1019 facile
505 953 746 1035 deprehendent,
765 946 973 1029 abstinentiam
999 941 1193 1015 ciborumque

185 1046 398 1128 parcimoniam
408 1043 444 1102 ab
457 1041 514 1101 illis
526 1036 702 1116 magnopere
711 1031 930 1103 commendari,
945 1027 1102 1088 discrimen
1115 1023 1194 1080 inter

186 1132 306 1192 morbos
326 1127 483 1198 constitui,
504 1134 534 1185 et
555 1125 644 1183 certis
665 1120 828 1182 rationibus
848 1111 983 1184 ostendi,
1002 1113 1033 1171 in
1057 1107 1194 1169 curandis

186 1215 363 1295 quibusdam
380 1211 490 1273 morbis
506 1226 693 1287 nequaquam
707 1204 819 1283 requiri
835 1211 869 1262 ul
880 1201 1029 1279 jusculum
1044 1204 1074 1255 et
1092 1210 1194 1252 carnes

185 1296 251 1360 loco
268 1299 415 1377 piscium,
432 1295 488 1356 olei
502 1338 510 1369 ,
526 1303 556 1353 ct
569 1291 732 1351 herbarum
749 1288 986 1359 substituantur3
999 1283 1030 1342 in
1046 1280 1110 1339 aliis
1122 1275 1194 1337 verb

184 1383 290 1462 juvare
304 1380 469 1461 plurimbm
482 1423 491 1448 ,
505 1380 530 1438 si
543 1377 666 1437 sublatis
688 1374 847 1444 carnibus,
867 1369 936 1432 crim
958 1367 1098 1427 indicitur
1116 1361 1195 1438 jeju-

187 1469 293 1541 nium,
308 1467 393 1542 oleo,
410 1465 457 1523 vcl
476 1464 552 1523 lacte
571 1466 746 1538 aegrotantes
772 1466 920 1517 utantur:
946 1448 1065 1512 domium
1090 1448 1196 1511 adver-

188 1561 253 1612 tcnt
266 1596 275 1624 ,
289 1549 377 1627 quem
395 1544 571 1625 diligenter,
592 1542 783 1620 accurateque
797 1541 925 1602 scribant
939 1536 976 1597 de
1001 1533 1126 1612 pectoris
1148 1532 1197 1589 in·

189 1633 369 1705 commodis,
384 1631 494 1692 crimin
510 1628 649 1691 omnibus
668 1626 832 1706 generatim
852 1624 1033 1696 excitantur,
1047 1635 1084 1676 ne
1103 1617 1196 1674 corri-

191 1722 312 1800 piantur
337 1717 440 1777 codem
453 1714 558 1774 morbo
571 1758 580 1786 ,
595 1714 647 1789 qui
662 1710 758 1771 adhuc
774 1705 964 1770 ineolumesi
986 1701 1135 1765 communi
1147 1702 1197 1760 lue

116 1814 119 1825 ’
193 1811 381 1883 supersunt«

219 1890 300 1947 ilaec
312 1885 395 1946 vobis
410 1882 563 1944 indicanda
579 1880 759 1960 putavimus.
774 1877 931 1955 Reliquum
943 1880 1004 1945 est,
1019 1881 1052 1932 ut
1063 1890 1114 1932 vos
1126 1871 1198 1931 hcr-

190 1981 310 2045 temur,
331 1988 369 2030 ne
387 1978 448 2030 tam
462 1966 547 2028 lacile
562 1966 726 2043 suscipiatis
743 1964 895 2041 negotium
910 1957 1043 2039 petendae
1053 1956 1199 2016 facultatis

193 2056 296 2118 utendi
322 2054 460 2115 carnibus
487 2058 517 2112 et
541 2050 694 2111 lacticiniis
726 2058 860 2126 tempore
888 2042 1116 2124 quadragesimae
1142 2057 1199 2119 pro

193 2143 330 2202 universa
350 2139 483 2212 civitate,
504 2136 551 2196 vel
572 2135 703 2195 diaecesi.
722 2136 838 2212 Quippe
858 2128 1059 2207 abrumpenda
1079 2126 1200 2186 tandem

193 2233 238 2284 est
256 2221 453 2292 consuetudo,
478 2221 518 2281 ob
537 2235 627 2297 quam
646 2218 708 2295 jam
729 2235 783 2295 per
801 2227 845 2276 tot
865 2232 956 2275 annos
975 2215 1006 2272 in
1023 2209 1201 2288 quibusdam

194 2307 265 2368 locis
277 2306 323 2365 bae
334 2304 584 2364 facultatestribui
599 2310 826 2373 consueverunt.
842 2295 1200 2372 illudetiamexperientie

193 2390 307 2452 evobis
318 2398 503 2466 compertum
521 2390 597 2460 crit,
610 2386 743 2454 delicatis
755 2402 892 2463 quoque,
911 2399 945 2441 ac
959 2379 1097 2442 mollibus
1109 2379 1201 2440 absti-

194 2477 326 2536 nentiam
338 2473 566 2551 quadragesimae
578 2472 692 2532 nullam
705 2472 817 2530 inferre
830 2468 991 2548 perniciem
1006 2483 1123 2545 ,neque
1131 2468 1201 2544 plu·

192 2573 245 2620 res
260 2560 299 2619 ob
323 2557 399 2616 banc
419 2571 534 2616 causam
562 2559 640 2616 inter
657 2564 797 2634 aegrotos,
822 2556 870 2614 vel
890 2546 1023 2613 mortuos
1038 2552 1199 2612 recenseri.

195 2646 277 2703 llane
290 2643 436 2706 rationem
450 2650 480 2699 et
491 2640 658 2699 institutum
672 2656 725 2699 nos
740 2640 796 2717 ipsi
811 2635 903 2698 secuti
916 2653 1017 2697 sumus
1031 2637 1153 2710 Romae,
1167 2651 1202 2697 ac

195 2727 333 2786 Bononiae
351 2722 447 2803 (eujus
468 2724 572 2783 Sedem
592 2724 689 2783 adbuc
706 2722 903 2799 retinemus),
921 2720 989 2782 edm
1009 2739 1107 2798 nuper
1128 2739 1202 2799 qua-

196 2811 367 2888 dragesimae
384 2818 500 2886 tempus
523 2817 670 2885 ageretur.
691 2808 720 2865 Si
738 2825 790 2867 vos
814 2807 844 2866 id
865 2824 982 2885 quoquc
1003 2806 1201 2885 praestabitis,

196 2910 293 2971 neque
310 2890 392 2951 iacild
410 2889 525 2951 euobis
545 2910 600 2969 pro
612 2891 750 2950 universa
766 2889 902 2962 civitate,
922 2892 970 2950 vel
982 2889 1098 2949 dioeccsi
1110 2891 1204 2949 sacul-

197 2987 289 3039 tatem
304 2974 435 3038 solvendi
458 2974 687 3053 quadragesimae
707 2974 914 3034 abstinentiam
929 2974 1130 3053 postulabitis,
1154 2977 1202 3035 vel

106 3117 110 3127 .
199 3065 234 3141 (si
245 3060 439 3121 necessarium
454 3060 485 3118 id
498 3058 696 3137 arbitremini)
707 3076 769 3118 non
780 3058 983 3136 aliter,quem
993 3059 1115 3118 servatis
1126 3075 1203 3137 prae·

197 3146 292 3208 missis
302 3144 539 3213 conditionibus,
557 3143 784 3220 dispensationis
800 3144 941 3203 iaetantia
962 3145 997 3202 ad
1022 3157 1075 3202 nos
1089 3144 1203 3204 descre-

200 3240 267 3304 tur,
283 3247 343 3289 non
356 3226 459 3288 solem
470 3228 491 3286 ii
502 3228 617 3287 fruclus
630 3228 805 3305 provenient
815 3245 908 3304 ,quos
920 3226 982 3305 jam
994 3228 1203 3300 indicavimus,

200 3315 251 3375 scd
268 3316 357 3373 etiam
369 3312 494 3388 repulsae
507 3311 651 3390 pudorem
660 3312 810 3372 evitabitis
823 3354 832 3384 ,
846 3329 958 3389 nosque
968 3313 1080 3389 pariter
1089 3317 1124 3373 ei
1139 3331 1204 3373 mo·

200 3399 284 3459 lentie
301 3395 501 3467 vindicabitis,
521 3414 611 3473 quom
627 3396 749 3456 ierimus
762 3439 771 3467 ,
786 3394 858 3456 dium
874 3397 951 3455 vulis
964 3397 1067 3456 ventris
1079 3397 1205 3458 minime

201 3480 443 3554 obsecundamus.
455 3478 604 3541 Postreme
617 3498 670 3541 vos
680 3498 780 3540 omnes
791 3489 976 3559 peramanter
985 3481 1203 3559 amplectimur,

201 3573 231 3623 et
245 3563 433 3642 apostolicum
454 3564 693 3628 Benedictioaem
712 3565 797 3627 vobis
808 3607 817 3641 ,
829 3565 1006 3644 populisque
1025 3565 1130 3628 vestris
1146 3566 1206 3627 im·
