2642 4150
140 236 196 295 lli
380 226 425 293 Dc
437 245 627 306 rasoriorum
638 225 755 308 Positis.
769 212 974 299 cantastra.

140 333 300 394 audeatvcl
312 342 469 412 praesumat
481 330 635 411 [sroedictas
645 331 815 402 societates,
829 345 1016 408 quocumque
1028 327 1147 390 nomina

98 461 101 462 ν
140 419 348 496 appellentur,
369 418 471 489 inire,
497 417 545 476 vel
574 432 757 495 prorogare,
779 417 961 490 contovere,
982 432 1015 474 ac
1036 414 1067 474 in
1088 414 1150 476 suis

141 503 255 564 aedibus
280 522 331 565 seu
361 502 499 563 domibus
522 502 571 561 vel
592 501 663 560 alibi
687 508 837 577 receptare
864 506 954 576 atque
982 499 1149 567 occultare,
1251 541 1260 553 a

141 588 201 649 illis
211 597 241 649 et
256 588 432 667 cuicumque
444 586 616 647 earumdem
628 586 734 664 gradui
752 583 876 644 adscribi
891 629 901 653 ,
915 586 1081 664 aggregari,
1098 592 1152 644 aut

143 673 298 744 interesse,
315 673 362 733 vel
379 678 551 751 asotestatem
564 688 615 730 scu
629 668 869 730 commoditatem
887 669 982 730 lareere
996 679 1030 729 ut
1042 667 1151 730 alicubi

142 766 359 828 convocentur,
373 757 478 817 iisdem
488 756 599 833 aliquid
614 755 783 815 ministrare
795 796 804 825 ,
815 771 865 813 scu
884 752 955 814 aliis
972 754 1127 814 consilium
1144 796 1155 820 ,

142 842 284 902 auxilium
297 886 307 917 ,
326 842 375 902 rel
403 842 532 901 levorem
550 840 646 917 palam
673 846 726 897 aut
748 838 779 897 in
804 838 937 907 occulto,
961 838 1072 901 directd
1100 844 1155 901 eut

143 924 284 987 indirecte
296 945 348 1005 per
357 944 388 987 sc
403 926 449 986 vel
466 942 519 1004 per
529 924 602 985 alios
615 939 735 1001 quoquo
747 922 835 983 modo
844 931 1003 1000 praestare,
1023 942 1077 984 nec
1091 940 1153 984 non

144 1011 216 1072 alios
238 1010 375 1079 hortari,
397 1011 537 1071 inducere
557 1052 566 1077 ,
589 1023 771 1086 provocare,
789 1024 822 1066 ac
844 1006 968 1068 suadere
994 1017 1029 1068 ut
1048 1006 1155 1085 hujus·

144 1095 224 1154 modi
244 1096 432 1156 societatibus
452 1104 503 1154 aut
523 1093 700 1169 cuicumque
718 1090 890 1151 earumdem
916 1087 1021 1170 gradui
1042 1092 1155 1152 adseri-

144 1176 272 1252 bantur,
288 1188 541 1247 annumerentur,
553 1184 604 1236 aut
617 1175 832 1246 intersint,ch
844 1176 920 1253 ipsas
932 1176 1156 1254 quomodolibet
1193 1207 1198 1212 ·

142 1259 306 1337 juventae
341 1264 486 1334 foveant,
518 1262 570 1320 sed
601 1257 725 1320 omnind
747 1259 786 1320 ab
812 1260 918 1320 iisdem
940 1260 1153 1329 societatibus,

144 1362 246 1414 earum
267 1348 407 1420 caetibus,
422 1345 637 1412 conventibus.
657 1342 934 1422 aggregationibus,
950 1362 1002 1404 scu
1024 1363 1155 1406 conven-

145 1429 243 1489 ticulis
258 1431 380 1509 prorsds
399 1432 545 1500 abstinere
566 1447 596 1489 sc
611 1427 755 1500 debeant,
768 1428 824 1488 sub
844 1446 929 1506 poena
951 1431 1155 1490 exeommuni-

146 1514 269 1575 catio'nis
292 1534 346 1594 per
365 1533 467 1576 omncs
487 1524 522 1575 ut
545 1530 634 1592 supra
655 1512 896 1573 contrafacientes
913 1530 949 1573 eo
962 1514 1026 1593 ipso
1043 1515 1155 1592 absque

146 1597 205 1656 ulla
229 1598 425 1660 declaratione
444 1595 620 1658 incurrendo
636 1639 644 1667 ,
666 1594 755 1674 iqua
771 1613 860 1656 nemo
875 1613 929 1674 per
951 1614 1153 1674 quemquam,

147 1682 202 1740 nisi
216 1700 271 1759 per
292 1701 345 1743 nos
363 1702 415 1742 seu
429 1684 593 1742 Romanurn
613 1680 784 1741 Pontificem
804 1698 859 1759 pro
873 1691 1006 1759 tempore
1025 1684 1155 1742 existen·

147 1774 230 1836 tom,
256 1777 453 1845 preterquam
478 1766 509 1824 in
535 1764 659 1824 articulo
686 1765 792 1825 mortis
817 1767 1017 1838 constitutus,
1036 1766 1156 1828 absolu·

146 1848 235 1908 tionis
259 1851 436 1911 beneficium
455 1851 549 1909 valcat
566 1848 712 1909 obtinere.

150 1964 155 1972 ·
185 1932 375 2013 Proecipimus
387 1931 1157 2013 praetcreaomnibus‚subcademexeommunicatio-

150 2016 196 2076 nis
212 2034 316 2097 poena,
330 2019 415 2080 nobis
425 2029 454 2081 et
468 2019 607 2079 Romanis
620 2016 810 2079 Pontificibus
823 2019 1035 2081 successoribus
1047 2024 1157 2084 nostris

148 2112 316 2177 reservata,
338 2113 373 2165 ut
401 2112 557 2166 teneantur
582 2103 760 2164 denuntiare
780 2104 952 2183 Episcopo,
974 2106 1022 2165 vel
1043 2109 1159 2167 caeteris

147 2185 185 2244 ad
207 2207 280 2266 quos
301 2197 495 2268 spectat,cos
516 2205 618 2248 omnes
633 2206 729 2266 ,quos
748 2189 888 2250 noverint
900 2187 947 2251 bis
968 2190 1156 2252 societatibus

147 2287 258 2332 nomen
281 2272 395 2333 dedisse
403 2317 416 2349 ,
432 2273 479 2332 vel
503 2273 604 2349 aliquo
633 2290 671 2330 ex
701 2273 738 2333 iis
753 2273 950 2348 criminibus,
973 2293 1040 2352 quae
1064 2275 1155 2338 modd

147 2355 689 2435 commemoratasuntseinquinasse.
1019 2406 1020 2411 ,

187 2442 337 2520 Proecipud
358 2441 429 2501 verd
445 2440 653 2518 jusjurandum
675 2439 750 2501 illud
767 2441 893 2520 impium
908 2445 995 2523 plane
1012 2465 1047 2507 ae
1063 2449 1156 2510 scete·

148 2538 253 2602 stum,
282 2545 342 2606 quo
360 2545 391 2587 se
421 2526 611 2605 obstringunt
643 2528 695 2604 qui
719 2528 752 2587 in
772 2526 826 2588 bas
846 2540 936 2589 sectas
955 2541 1153 2610 cooptantur,

148 2615 261 2681 nemini
277 2614 471 2693 patefacturos
489 2630 556 2689 quae
579 2613 616 2672 ad
630 2613 695 2673 illas
710 2621 801 2674 sectas
818 2617 986 2692 pertinent,
1009 2626 1040 2676 et
1058 2627 1155 2679 morte
1231 2676 1246 2685 ,

148 2701 342 2762 mulctaturos
376 2716 426 2760 eos
449 2714 551 2757 omnes
579 2696 691 2757 sodales
719 2700 770 2777 qui
795 2717 833 2775 ea,
863 2699 1065 2776 superioribus
1091 2702 1155 2762 sive

148 2785 346 2857 ecciesiasticis
362 2784 424 2843 sive
440 2782 520 2842 laicis
531 2783 730 2861 patefaciunt,
744 2781 867 2845 omuind
880 2783 1055 2845 damnamus
1065 2785 1155 2864 plane

148 2869 269 2928 irritum
288 2867 480 2927 declaramus.
498 2866 576 2939 Quid
591 2868 698 2926 enimi
712 2869 818 2928 Nonne
832 2868 911 2927 nobas
922 2878 985 2940 est,
1001 2867 1157 2945 jusjuran-

149 2951 243 3019 dum,
263 2950 343 3029 quod
357 2950 390 3010 io
399 2948 790 3029 justitia-pronuntiandum
812 2960 876 3023 est,
889 2954 982 3013 veluti
1001 2954 1155 3013 vinculum

149 3033 278 3111 babere,
302 3051 362 3112 quo
386 3035 506 3111 quisse
533 3035 571 3093 ad
598 3033 739 3110 injustam
767 3037 876 3097 eaedem
903 3038 1035 3114 obliget,
1060 3045 1091 3096 et
1116 3037 1157 3097 ad

148 3136 252 3179 corum
274 3117 518 3178 contemnendam
529 3121 732 3191 auctoritatem
747 3163 756 3193 ,
773 3123 824 3198 qui
841 3120 909 3189 ciam
928 3124 975 3182 rel
997 3123 1158 3185 Ecclesiam

150 3205 195 3265 vel
218 3203 378 3283 legitimam
403 3202 519 3262 civilem
542 3205 711 3265 societatem
736 3206 949 3276 moderentur,
965 3206 1019 3283 jus
1043 3205 1157 3266 babent

150 3308 184 3350 ca
212 3287 404 3369 cognoscendi
437 3287 546 3366 quibus
578 3290 696 3350 illarum
724 3292 801 3351 salus
830 3293 1027 3351 continetur?
1047 3293 1158 3351 Nonne

149 3374 367 3451 iniquissimum
389 3380 419 3434 et
442 3373 680 3451 indignissimam
705 3384 772 3449 est,
808 3379 905 3438 Deum
933 3378 1029 3456 ipsum
1060 3376 1156 3439 veluti

147 3460 290 3517 scelerum
310 3467 414 3519 testem
434 3468 464 3519 et
481 3459 683 3537 fidejussorem
702 3463 879 3540 appellare?
899 3458 1072 3527 Rectissime
1098 3461 1158 3518 Pa-

148 3549 210 3598 tres
228 3544 350 3604 concilii
371 3546 571 3606 lateranensis
587 3548 640 3606 lli.
658 3547 820 3624 inquiunt,
837 3550 909 3608 Cau.
923 3549 977 3607 5.:
994 3546 1063 3607 Non
1072 3545 1156 3604 enim

147 3619 271 3684 diemde
287 3635 357 3688 scatet
367 3627 566 3707 juramento,
587 3628 637 3694 sed
656 3631 756 3711 potiris
773 3626 924 3712 puisaia,
952 3649 1019 3710 quc
1048 3635 1157 3691 taratra
