2642 4150
106 254 107 257 ¹
180 233 237 293 ttb
371 230 417 291 Dc
437 239 628 290 rmtsunotum
642 224 759 307 Patalii.
774 225 921 303 Decretis,
935 235 987 292 ete.

179 332 306 411 potentis
323 329 437 408 judicio
454 329 643 408 relinquere,
667 346 700 389 ea
720 328 811 389 verba
825 339 1018 409 usurpantes,
1032 325 1098 412 quae?
1110 336 1185 396 oiim
1238 371 1249 384 κ

179 420 258 480 inter
280 436 375 478 sacras
396 401 525 477 nctbacs
543 417 665 475 recitata
684 414 775 475 luisse
788 424 901 476 constat
914 436 923 476 s
937 417 1055 479 Praesta
1068 437 1188 501 quasu-

180 521 264 575 mus‚
281 501 427 575 Domine,
448 507 484 562 ut
497 498 642 560 mentium
661 498 854 580 reprobarum
875 520 938 563 nou
956 521 1090 564 carcanus
1105 504 1187 566 oblo-

179 586 283 669 quium
295 612 305 647 .·
317 587 383 663 sed,
399 584 498 647 eadem
515 585 665 667 pravitate
684 582 814 660 calcata,
833 602 1008 659 moremus,
1020 597 1056 649 ut
1066 607 1116 649 uec
1127 598 1187 649 ter·

179 672 241 732 suri
249 689 302 732 nos
315 669 541 732 lacerationibus
557 668 687 752 patioris
705 669 843 749 injustis,
857 669 909 730 nee
925 672 1064 751 captiosis
1078 672 1188 733 adcele-

180 753 308 816 tionibus
320 752 486 836 implicuri‚
499 751 549 814 sed
562 752 662 834 potitis
676 772 777 814 amare
792 752 871 834 quod
883 754 1040 836 proecipis:
1051 764 1084 816 ut
1095 756 1187 817 habet

180 841 334 917 antiquum
344 838 565 916 blissalc‚quod
575 846 675 897 sanato
684 834 802 900 Gelasio
811 839 1014 915 proedccessori
1023 850 1123 901 nostro
1131 842 1188 901 tri-

179 921 1053 999 buitur,etivenerabiliservoDeilosephablariaCardinali
1064 925 1188 986 Tboma·

178 1005 223 1068 sio
239 1010 352 1069 editum
366 1009 438 1076 saie,
456 1009 486 1067 in
503 1010 589 1068 missa
603 1025 670 1085 quae
680 1006 853 1067 inscribitur
865 1017 967 1068 contro
980 1008 1164 1090 obloquentes
1173 1036 1186 1086 ,-

218 1094 262 1151 Ne
283 1102 381 1152 tamen
405 1092 517 1169 aliquid
541 1108 594 1170 par
616 1108 670 1151 nos
691 1090 857 1169 improvide
876 1094 1106 1171 praetermissum
1125 1094 1185 1155 dici

180 1175 309 1247 valeret,
333 1194 392 1255 quo
410 1175 495 1237 lacild
517 1191 667 1255 possemus
688 1176 877 1236 mendacibus
898 1178 1053 1238 calumniis
1071 1180 1186 1241 lomen-

180 1265 245 1319 tum
264 1259 394 1320 adimere
412 1270 549 1338 alquons
568 1259 740 1335 obstruere,
757 1259 858 1320 audito
872 1259 954 1337 priuis
970 1263 1185 1324 nonnullorum

180 1345 393 1405 venerabiiium
407 1347 543 1405 Fratrum
563 1354 733 1405 nostrorum
753 1346 783 1404 S.
796 1346 832 1406 tt.
849 1347 882 1403 E.
901 1345 1100 1407 cardinalium
1112 1367 1187 1411 cou-

178 1429 263 1502 silio,
287 1430 420 1491 eamdem
443 1430 661 1509 praedecessoris
682 1430 775 1489 nostri
796 1430 1037 1490 constitutionem
1057 1449 1186 1510 praesen·

180 1513 259 1574 tibus
277 1524 311 1575 ut
329 1534 418 1595 supra
438 1517 475 1576 de
491 1515 582 1576 verbo
597 1514 771 1575 adverbum
792 1516 932 1576 insertam
952 1516 985 1575 in
1004 1518 1095 1578 lorma
1117 1538 1187 1598 spe·
1207 1583 1210 1590 f
1305 1515 1306 1522 '

177 1596 261 1658 silica
274 1598 351 1678 (qum
365 1604 498 1660 omniunt
511 1599 691 1677 amplissima
706 1608 736 1658 et
751 1598 947 1660 efficacissima
959 1599 1095 1680 habetur)
1113 1623 1186 1665 con-

178 1679 298 1742 lirmare
314 1684 519 1743 decrevimus:
535 1690 626 1762 prout
645 1700 709 1741 eam
729 1700 766 1742 cx
787 1693 865 1743 certa
882 1685 1002 1756 scientia
1019 1696 1050 1746 et
1067 1698 1187 1765 aposto·

179 1763 242 1823 lica
265 1768 445 1827 auctoritatis
466 1777 572 1826 nostroe
593 1768 779 1843 plenitudine
802 1768 973 1828 earumdem
994 1773 1185 1846 praesentiunt

179 1848 343 1911 litterarum
366 1861 468 1911 tenore
486 1852 518 1911 in
539 1852 677 1911 omnibns
697 1862 728 1912 et
748 1869 802 1931 per
822 1855 921 1912 onmia
944 1855 1078 1931 (perinde
1100 1876 1134 1914 ac
1159 1860 1185 1916 si

179 1933 287 1994 nostris
301 1946 382 1996 motu
403 1938 542 2015 propriu,
554 1937 744 2009 auctoritate,
764 1955 798 1997 ue
818 1938 938 1998 nomine
951 1938 1081 2016 priminn
1096 1940 1186 2000 editm

177 2018 312 2102 tuissent)
325 2022 553 2099 confirmamus,
568 2022 761 2095 roboramus,
774 2023 1009 2101 enunciamus,
1026 2043 1059 2084 ae
1078 2042 1186 2104 perpu-

179 2112 260 2165 tuam
281 2108 344 2167 vim
360 2115 396 2167 et
418 2107 573 2167 efficaciam
596 2103 705 2167 habere
719 2108 857 2168 volumus
876 2116 906 2167 et
927 2108 1124 2169 decernimus.

216 2192 308 2251 Porro
331 2193 409 2255 inter
430 2192 614 2269 gravissimas
635 2193 762 2268 praelatm
782 2190 991 2270 prohibitionis
1009 2201 1040 2253 et
1059 2192 1185 2255 damna·

179 2274 267 2334 lionis
282 2293 381 2334 causas
399 2276 430 2334 in
449 2276 621 2353 praeinserta
639 2278 850 2336 constitutione
869 2278 1105 2338 enuntiatssunu
1117 2291 1183 2351 est,

177 2356 257 2436 qubd
270 2359 302 2418 in
317 2358 486 2435 hujusmodi
505 2357 695 2418 societatibus
708 2368 738 2419 et
751 2361 961 2421 conventiculis
971 2362 1185 2441 cujuscumque

177 2442 328 2520 religionis
348 2460 382 2502 ac
403 2452 488 2503 sectae
507 2441 643 2503 homines
667 2445 793 2504 invicem
816 2447 1046 2507 consocianturs
1066 2464 1129 2525 qua·
1146 2467 1185 2508 ex

177 2545 210 2589 se
231 2529 300 2587 sutis
321 2527 534 2613 patathqubm
559 2546 662 2606 magna
683 2531 827 2608 pernicies
850 2526 1000 2591 catholicae
1022 2532 1185 2610 Religionis

178 2613 299 2688 puritati
311 2614 413 2674 infarri
426 2615 532 2673 voleat.
544 2615 644 2681 Altera
657 2625 703 2674 est
713 2623 828 2675 aretum
841 2625 871 2675 et
883 2617 1061 2695 impervium
1077 2618 1183 2677 secreti

176 2697 290 2771 ludus,
305 2718 364 2776 quo
384 2699 569 2760 occultantur
585 2718 618 2759 ea
640 2718 707 2778 qum
726 2701 757 2759 in
779 2698 948 2777 hujusmodi
969 2701 1183 2761 conventiculis

176 2786 281 2846 liunt:
306 2784 414 2860 quibus
435 2785 560 2860 proinde
584 2804 617 2844 ea
639 2787 785 2846 sententia
810 2785 917 2846 meritb
942 2787 1035 2865 aptari
1062 2796 1181 2866 potest,

177 2866 264 2945 quant
277 2864 409 2928 Caecilius
416 2866 536 2928 Natalis
547 2869 625 2946 opud
634 2869 802 2931 Minucium
814 2867 936 2931 Felicem
946 2871 1080 2949 (incausa
1092 2873 1184 2951 nimi·

176 2950 245 3011 ndns
266 2950 392 3027 diversa)
419 2951 544 3028 protulit
565 2973 572 3009 ε
595 2955 726 3013 Honesta
754 2972 868 3035 semper
887 2951 1006 3035 publica
1028 2954 1181 3035 pandent,
1272 3014 1280 3033 ,
1305 2936 1306 2947 ἵ

173 3030 280 3095 scelera
294 3043 401 3094 secretu
413 3043 494 3094 sunt.
506 3036 604 3095 Tertia
616 3045 660 3096 est
673 3035 883 3115 jusjurandum
896 3057 954 3118 quo
966 3057 998 3100 se
1008 3038 1182 3116 hujusmodi

174 3127 285 3179 secreto
302 3118 512 3178 inviolabiliter
523 3120 668 3180 servanda
679 3122 867 3202 adstringunt
878 3146 886 3180 c
896 3124 978 3200 quasi
990 3125 1078 3184 liceat
1092 3125 1182 3185 alicui

174 3202 329 3278 cujuslibet
346 3202 548 3279 promissionis
562 3214 612 3263 aut
623 3205 785 3280 juramenti
805 3207 930 3267 obtentu
948 3224 980 3267 se
995 3210 1091 3283 tueri,
1105 3228 1183 3287 quo·

174 3285 273 3347 minius
288 3285 304 3345 a
321 3287 449 3364 legitima
464 3295 607 3365 potestate
620 3291 817 3368 interrogatus
834 3291 932 3350 omnia
947 3292 1031 3352 lateri
1044 3301 1183 3353 teneatur

174 3388 364 3448 quamcumque
379 3371 578 3447 exquiruntur
596 3375 633 3431 ad
646 3374 878 3453 dignoscendum
892 3394 930 3435 an
946 3376 1059 3453 aliquid
1075 3377 1107 3436 in
1123 3376 1180 3436 hu·

169 3453 298 3529 jusmodi
318 3455 509 3516 conventibus
528 3455 579 3516 siat
596 3459 676 3534 quod
698 3460 736 3517 sit
751 3468 851 3518 eontra
876 3460 1036 3538 Religionis
1053 3468 1107 3520 aut
1121 3462 1180 3520 rei*

173 3537 297 3611 publicu·
307 3549 414 3599 statum
425 3550 453 3598 et
465 3540 551 3617 leges.
563 3543 672 3614 Quarta
683 3551 726 3601 est
735 3586 743 3613 ‚
752 3541 832 3620 qubd
844 3541 1015 3619 hujusmodi
1025 3544 1179 3604 societates

174 3636 233 3676 non
254 3624 351 3684 artinas
373 3624 507 3691 civilibus
526 3625 615 3702 quim
636 3628 783 3689 canonicis
804 3628 1004 3693 sanctionibus
1026 3628 1175 3690 adversari
