2642 4150
167 198 206 277 ΖΒ
369 214 414 296 De
432 187 620 274 romanorum
635 180 750 291 Piretis.
765 198 900 285 decretis,
915 218 966 289 cte.
991 284 993 287 v

168 319 200 378 in
220 319 269 378 cit.
285 337 310 378 e.
324 320 351 378 l.
368 316 516 395 Episcopls
529 315 718 395 praecipitur,
732 323 767 375 ut
782 311 888 395 nempe
901 310 1002 374 etaltera
1019 302 1175 379 (lominicis

141 455 144 461 .
168 410 198 463 et
217 401 285 464 aliie
301 399 413 482 festivis
434 400 535 461 diebus
558 417 665 483 pueros
692 398 726 459 in
757 395 883 478 cinqulie
907 395 1080 477 parochiae,
1100 398 1174 478 littei

60 510 70 519 ·
169 485 351 556 commento,
366 493 392 545 ct
407 483 600 563 obedientiam
617 486 686 565 erqo
704 487 801 544 Deum
816 489 844 541 et
854 490 1007 562 parentes,
1020 478 1177 563 titqeater

170 571 207 635 ab
228 571 286 642 iis,
303 568 343 633 od
358 587 430 650 quoe
447 569 604 651 spectauit,
619 567 722 628 doctri.
733 575 849 627 curent.
930 603 938 611 ,

173 662 178 669 ’
209 656 244 716 Ει
262 655 330 732 quio
348 655 380 714 in
394 654 545 714 nonnullis
558 652 729 712 dioecesibus
743 669 884 737 numerus
903 650 1020 712 dierum
1031 653 1173 714 festorum

171 740 208 801 de
229 747 395 818 praecepto,
415 739 452 799 de
473 738 629 817 apostolica
652 745 751 796 nostra
773 736 945 797 auctoritate
966 746 996 797 et
1015 756 1174 809 consensu,

172 821 290 885 eatcnbe
312 820 356 885 est
373 823 565 897 imminutus,
583 829 618 883 ut
637 840 744 901 nempe
764 823 795 880 in
811 821 958 903 aliquibus
974 823 1054 882 testis
1067 819 1175 885 Christi

172 909 272 969 fideles
290 918 320 969 et
340 910 457 970 missam
481 909 584 968 audire
604 916 633 968 et
652 908 689 967 ab
705 907 843 986 operibus
863 908 1018 968 servilibus
1030 907 1177 968 abstinere

172 993 318 1070 debeant3
340 995 371 1053 ln
392 993 456 1052 aliis
474 991 546 1054 verb
565 993 676 1075 populo
696 992 873 1071 permissum
891 993 930 1052 sit
951 1010 1038 1075 opera
1057 993 1187 1075 servilia*

173 1077 326 1149 exercere,
345 1076 433 1137 firma
447 1086 619 1136 remanente
640 1076 818 1153 obligatione
831 1075 968 1136 audiendi
983 1076 1076 1139 missae
1087 1077 1177 1136 sacri-

173 1161 291 1237 licium3
308 1180 381 1232 nos,
401 1170 435 1220 ut
457 1160 568 1220 oborta
584 1160 647 1238 jam
667 1160 867 1219 dubitationes
889 1160 965 1219 cirea
987 1177 1062 1220 onus
1081 1160 1179 1238 appli-

173 1247 294 1306 cationis
315 1247 409 1306 missae
426 1243 600 1323 parochialis
619 1245 651 1304 in
676 1243 847 1326 hujusmodi
865 1243 969 1304 diebus
982 1243 1080 1314 sestis,
1093 1243 1179 1322 ρεηί-Δ

173 1328 220 1390 tels
231 1331 438 1400 eliminentur,
451 1328 611 1392 statuimus
621 1374 629 1399 ‚
639 1326 877 1400 atoniacam,
888 1326 1063 1410 quodetiam
1075 1326 1179 1392 iisdem

172 1411 256 1494 sestis
275 1413 391 1483 diebus,
405 1412 513 1492 quibua
532 1411 660 1493 popular
681 1416 779 1474 ntecoe
797 1413 932 1473 interesse
952 1409 1049 1488 debet,
1069 1420 1098 1471 et
1116 1429 1180 1472 ser·

172 1492 280 1559 vilibus
291 1497 426 1581 operibus
441 1515 544 1558 vocare
552 1505 663 1579 potest,
675 1515 774 1557 omnes
786 1496 957 1557 atrianorum
966 1515 1068 1555 curem
1076 1513 1181 1576 peren·

174 1588 215 1642 teo
233 1581 356 1642 missam
375 1600 429 1662 pro
448 1578 557 1662 populo
578 1578 720 1644 celebrare
739 1590 769 1641 et
787 1578 935 1663 applicare
954 1589 1118 1643 teneantur.

156 1721 160 1725 ,
212 1667 286 1739 Quia
309 1666 381 1726 verb
405 1666 525 1744 propria
549 1683 775 1744 nonnumquam
799 1664 977 1744 experientib
1000 1666 1068 1724 satis
1089 1685 1179 1745 agno-

174 1752 292 1825 vimus,
319 1749 433 1826 aliquos
457 1768 519 1809 esse
541 1748 683 1831 parochos
708 1749 781 1811 adob
804 1768 966 1835 pauperes,
984 1758 1018 1809 ut
1032 1749 1123 1810 terme
1142 1769 1179 1819 cx

176 1834 386 1912 eleemosynis,
402 1851 474 1911 quas
486 1832 502 1893 b
515 1833 651 1894 fidelibus
664 1835 885 1912 promissarum
898 1833 1094 1895 celebratione
1105 1837 1182 1893 aeci·

175 1919 282 2000 pient,
304 1910 404 1977 virere
428 1927 590 1997 cogantur3
611 1936 661 1980 eos
685 1919 755 1980 verb
780 1919 854 1996 qui,
876 1919 1000 1979 Ecclesia
1021 1917 1181 1999 parochiali

177 2012 314 2077 vacante,
330 2002 368 2061 ad
389 2003 556 2063 animarum
579 2018 682 2064 curum
702 2001 894 2064 exercendam
905 2046 914 2075 ‚
926 2003 981 2062 sub
997 2003 1182 2075 vicarii‚seu

135 2114 138 2120 ·
176 2088 320 2151 oeconomi
344 2089 481 2162 nominc,
503 2087 701 2165 deputantur,
724 2088 871 2167 aliquibus
892 2087 923 2147 in
944 2089 1015 2149 locis
1031 2086 1103 2148 adcb
1121 2089 1183 2147 illi·

88 2243 93 2250 ,
175 2173 315 2235 beraliter
330 2173 467 2244 tractari,
483 2182 516 2232 ut
534 2173 631 2251 exigui
644 2172 757 2233 reditus
777 2173 849 2251 ipsis
868 2174 1034 2245 constituti,
1047 2182 1077 2248 et
1090 2190 1183 2252 pauca

177 2261 288 2320 incerta
317 2257 515 2318 emolumenta
542 2258 652 2318 eisdem
676 2258 887 2332 obvenientia,
914 2258 991 2338 aegrb
1015 2259 1052 2319 ad
1077 2276 1184 2320 eorum

177 2345 245 2403 vitae
266 2341 426 2403 necessaria
446 2342 607 2418 sufficiant,
622 2341 702 2420 quod
721 2342 756 2401 iis
770 2360 887 2419 quoque
903 2361 963 2403 non
977 2342 1045 2403 ra'rb
1063 2343 1185 2403 evenire

178 2428 269 2499 solet,
292 2426 343 2504 qui
366 2425 396 2485 in
420 2426 565 2504 aliquibus
579 2428 730 2497 Ecclesia,
751 2424 893 2486 habituali
918 2428 987 2487 curi
1010 2424 1087 2505 apud
1109 2427 1184 2494 alios

178 2521 335 2583 manente,
354 2510 458 2569 actuali
481 2509 597 2570 tantum
619 2507 758 2571 exercitio
774 2520 844 2570 sunt
859 2510 983 2585 addicti,
1000 2510 1185 2589 proindeque

179 2592 246 2658 cum
259 2598 320 2657 istis
337 2594 438 2658 severi
453 2595 541 2655 nimis
559 2597 604 2674 agi
624 2597 793 2672 videretur,
813 2597 838 2656 si
850 2596 953 2655 diebus
966 2597 1063 2668 iestis,
1074 2597 1184 2675 quibus

179 2678 364 2761 potiatmrlm
374 2679 549 2757 bojusmodi
565 2682 675 2740 occasio
688 2698 719 2740 se
735 2679 840 2754 offert,
852 2679 962 2740 eisdem
974 2681 1097 2740 vetitum
1108 2691 1186 2766 esset

179 2766 393 2844 elebmoaynam
416 2784 470 2842 pro
491 2764 685 2841 applicatione
704 2764 801 2824 missae
824 2766 953 2843 recipere
971 2785 979 2823 ε
997 2763 1110 2825 Idcirco*
1128 2782 1188 2827 ecoe

180 2856 243 2908 tam
260 2848 402 2920 istorum,
420 2850 510 2927 quim
523 2843 641 2908 illorum
655 2846 791 2926 inopiam
800 2849 982 2928 eumanopere
996 2848 1187 2922 anieeraatee,

180 2931 359 3011 eisdemque,
380 2932 525 3013 quantine
546 2931 629 2992 nobie
643 2932 791 3013 inteqrum
805 2942 866 3005 eat,
882 2929 1029 2993 consulere
1041 2929 1187 3010 colenter,-

181 3016 338 3098 quamve,
361 3026 396 3077 ut
416 3018 510 3097 supra
526 3015 637 3076 dictent
660 3025 722 3087 est,
744 3035 843 3079 oncnee
864 3025 892 3077 et
915 3013 1028 3096 cinqali
1051 3015 1191 3099 predicti

182 3110 336 3162 teneantur
353 3102 452 3164 diebos
468 3100 552 3179 [estio
571 3099 694 3161 missam
711 3120 765 3182 pro
784 3101 893 3184 popolo
910 3101 1068 3172 celebrere,
1085 3109 1115 3161 et
1130 3120 1189 3179 ap-

178 3182 308 3269 plicare3
328 3185 477 3255 ettamen,
491 3182 569 3264 quot
586 3186 712 3264 pertinet
729 3183 770 3246 ad
783 3186 936 3267 predictos
950 3185 1091 3266 parcebas
1106 3202 1191 3268 epen-

181 3278 240 3343 tee‚
254 3269 412 3348 reiectique
430 3272 557 3329 cestretm
569 3266 743 3347 [coecitatem
758 3268 953 3341 connectimus,
967 3268 1098 3339 canaiis,
1113 3289 1192 3349 quoe
1209 3285 1213 3292 '

180 3357 279 3416 reverit
301 3352 371 3414 tates
389 3371 447 3413 eece
471 3352 611 3415 noveritis
624 3398 632 3425 ‚
646 3357 810 3444 opportune
830 3353 1042 3439 dispensandi,
1056 3353 1097 3426 etl
1114 3354 1187 3432 lwe',

173 3443 230 3513 at,
251 3439 341 3497 etiam
363 3435 462 3498 diebus
483 3435 566 3516 festis
585 3436 777 3520 injuriandi,
799 3435 1011 3520 eleemosynam
1026 3436 1064 3500 ab
1085 3435 1193 3518 atiquo

178 3521 229 3600 pio
254 3520 389 3598 offerente
413 3522 558 3601 recipere,
584 3529 613 3581 et
636 3538 691 3602 pro
714 3523 779 3603 ipen
804 3522 985 3601 sacrificiunt
1013 3517 1191 3614 applicare,

181 3603 326 3684 'quotenne
345 3602 377 3666 iel
392 3603 430 3666 ab
443 3623 475 3667 eo
490 3605 679 3688 requiretur,
695 3603 781 3671 liberi
799 3614 828 3667 et
845 3601 925 3667 liciti
937 3606 1051 3688 possint
1064 3612 1094 3668 et
1106 3602 1197 3667 cate·
