2642 4150
221 182 261 249 ib
301 151 305 156 .
416 186 671 247 boemanorum
689 180 1032 265 Pontifiderretimic.

219 290 355 365 perantes
376 302 480 346 eorum
500 284 637 347 manibus
659 284 790 344 serarum
810 284 948 345 dentibus
969 283 1148 346 dilaniandm
1164 294 1227 351 tra·

220 371 329 430 dautur
340 371 407 440 ,nc
423 368 539 447 prodigi
557 368 611 429 tilii
631 376 766 444 egentes,
786 377 817 429 et
833 370 943 439 saucii,
958 367 995 427 ad
1013 369 1159 429 caelestem
1170 372 1227 430 Pa·

220 462 296 514 trem
321 461 525 521 revertentes,
556 452 666 513 notarit
691 469 795 512 aarum
825 452 1015 529 improbitate
1040 453 1228 531 gravioribus

219 546 407 614 peccatorum
435 535 631 609 uulneribus,
652 535 726 596 diam
749 534 846 596 adbuc
870 537 903 596 in
931 536 979 596 via
1008 543 1101 609 sunt,
1126 535 1227 596 conlo-

219 619 349 680 dinatum

258 703 412 763 litantem
435 709 594 781 praesentes
610 702 729 763 Litterae
744 703 782 762 ad
805 703 941 763 omnium
961 701 1099 762 notitiam
1113 700 1227 763 iacilids
1302 772 1303 775 Ἴ

219 785 398 856 deveniant,
427 795 458 846 et
483 804 571 847 nemo
596 788 714 846 illarum
741 787 938 864 ignorantiam
959 786 1084 862 allegare
1109 785 1225 858 valeat,

219 870 356 929 volumus
376 870 463 940 illas,
480 887 531 929 seta
552 889 653 931 aarum
674 871 806 948 exempla
828 870 864 929 ad
884 871 983 929 valvas
995 868 1128 929 Ecclesiae
1141 870 1226 929 late-

220 954 371 1024 ranensis,
392 963 422 1014 et
442 954 573 1014 Basiliam
592 954 737 1032 Principis
754 952 980 1029 Apostolorum,
1001 970 1055 1012 nec
1077 953 1226 1011 nanCan·

220 1036 344 1097 cellariae
360 1038 544 1116 apostolicae,
568 1037 716 1113 curiaeque
735 1037 879 1113 generalis
899 1038 931 1097 iu
953 1038 1052 1096 llontc
1064 1037 1222 1107 citatorio,
1292 1103 1297 1114 ‚

219 1120 302 1180 acin
322 1120 617 1198 AcieCampiFlorra
638 1121 676 1180 dc
690 1120 786 1189 Urbe,
811 1129 846 1180 ut
868 1120 960 1179 moris
982 1129 1049 1190 est,
1073 1118 1171 1196 affigi,
1193 1128 1224 1180 et

218 1202 386 1281 publicari,
406 1205 506 1281 sicque
528 1204 709 1282 publicatas,
724 1213 754 1263 et
771 1204 871 1264 affixas
887 1220 1006 1277 omncs,
1020 1210 1051 1262 et
1069 1202 1222 1280 singulos,
1278 1202 1287 1255 ἓ

184 1330 188 1339 a
218 1304 292 1363 quos
315 1288 595 1359 illm-concernunt,
622 1287 744 1366 perinde
770 1295 900 1358 arctare,
922 1297 953 1345 et
975 1285 1110 1361 afficere,
1137 1303 1172 1345 ac
1197 1288 1222 1347 si

218 1372 378 1450 unicuique
395 1391 499 1434 corum
515 1374 709 1445 nominatim,
726 1382 756 1433 ct
778 1373 970 1451 personaliter
992 1371 1134 1445 intimatae
1149 1371 1223 1431 iuis·

218 1464 303 1539 sent:
323 1465 416 1535 utque
439 1459 569 1534 ipsarum
593 1458 785 1534 presentium
808 1460 988 1518 Litterarum
1006 1455 1219 1531 transumptis,

217 1557 267 1599 sou
286 1541 444 1621 exemplis,
460 1543 549 1602 otiam
565 1541 730 1619 impressis,
744 1560 832 1601 manu
850 1538 972 1615 alicujus
988 1539 1095 1599 notarii
1110 1538 1222 1615 publici
1276 1602 1278 1607 ,

216 1623 406 1703 subscriptis,
425 1633 455 1685 et
470 1625 567 1702 sigillo
580 1624 703 1701 alicujus
723 1643 856 1705 personae
869 1626 899 1685 in
918 1623 1106 1683 ecclesiastica
1123 1621 1223 1699 digni·

216 1716 276 1766 tate
296 1709 461 1769 constitute
482 1710 604 1768 munitis
617 1709 719 1769 eadem
736 1708 857 1788 prorsuis
870 1709 943 1771 sides
964 1717 1024 1768 tam
1042 1704 1221 1781 injudicio,

216 1789 304 1865 quim
320 1800 403 1851 extra
417 1791 490 1852 illud
503 1836 511 1863 ‚
526 1792 635 1870 ubique
650 1791 841 1865 adhibeatur,
859 1812 925 1872 quaa
943 1791 1012 1869 ipsis
1026 1789 1222 1868 praesentibus

216 1873 426 1946 adhiberetur,
445 1877 470 1935 si
489 1877 587 1938 iurent
607 1875 766 1948 exhibitae,
787 1878 835 1938 vel
853 1887 984 1938 ostense.

253 1960 335 2020 Nulli
355 1958 428 2038 ergd
447 1960 569 2022 omnint
587 1960 744 2023 laominum
764 1962 851 2022 liceat
871 1962 1007 2040 paginam
1024 1958 1222 2021 hancnostrm
1291 1954 1295 1966 “

214 2043 391 2117 voluntatis,
414 2045 588 2116 sanctionis,
610 2047 769 2125 precepti,
794 2046 944 2121 mandati,
965 2053 996 2106 et
1021 2042 1220 2121 derogationis

214 2128 396 2205 intringere,
411 2130 458 2188 vel
477 2129 504 2189 ei
529 2148 600 2189 ausu
624 2132 783 2191 temerario
802 2133 958 2191 contraire.
977 2130 1008 2187 Si
1029 2128 1095 2204 quis
1117 2134 1220 2185 autem

214 2208 270 2270 boc
280 2220 422 2273 attentare
434 2216 670 2292 presumpserit,
682 2215 914 2293 indignationem
924 2210 1137 2290 omnipotentis
1144 2211 1219 2280 Dei,
1301 2267 1302 2272 ,

213 2311 247 2353 ac
267 2295 419 2356 beatorum
435 2297 513 2357 Petri
533 2306 564 2357 et
583 2299 665 2358 Pauli
684 2300 882 2376 apostolurum
903 2297 965 2374 ejus
984 2313 1016 2354 se
1035 2293 1153 2353 noverit
1173 2295 1219 2352 in·

213 2373 393 2438 cursurum(
411 2381 519 2439 Datum
543 2382 643 2441 Romae
671 2383 749 2460 apud
776 2390 905 2442 sanctam
929 2380 1051 2440 Mariam
1075 2374 1218 2452 llajorem
1300 2425 1301 2463 3

213 2479 291 2523 enno
304 2464 515 2524 iucarnationis
531 2464 685 2526 dominicae
698 2467 853 2526 millesimo
866 2462 1123 2543 septingentesimo
1143 2477 1217 2536 qua·

213 2542 375 2623 dragesimo
392 2549 508 2625 primo,
522 2549 588 2609 Kal.
600 2550 681 2610 iunii
692 2550 880 2612 Pontiticatais
897 2549 990 2609 nostri
1010 2561 1088 2606 anno
1101 2544 1216 2622 primo.

577 2718 783 2779 DECRETUM
805 2718 844 2778 11.

464 2884 573 2945 Coaatro
592 2883 705 2946 eosdem
725 2882 892 2966 aoaapliaes,
906 2894 959 2948 eto.

248 3051 406 3131 apostolici
426 3052 556 3111 muneris
582 3060 679 3130 partes
692 3054 723 3114 in
737 3056 920 3132 procuranda
940 3057 1086 3134 precipue
1109 3078 1215 3122 rerum

209 3154 358 3197 sacrarum
385 3153 457 3215 pura
485 3137 654 3216 illibataque
679 3138 797 3218 penitius
822 3140 1074 3202 administratione
1100 3144 1215 3207 versari
1296 3143 1298 3214 J

208 3220 317 3280 debere
336 3219 427 3298 probe
451 3221 666 3300 intelligentes,
681 3242 741 3285 non
760 3223 866 3295 madb,
885 3233 915 3284 et
932 3224 1053 3284 assiduis
1068 3225 1216 3291 hortatio·
1295 3227 1297 3293 l

210 3303 313 3375 nibus,
327 3312 357 3362 et
374 3302 473 3381 justa,
493 3306 544 3366 ubi
568 3325 616 3367 res
637 3307 781 3386 postulat,
804 3309 902 3385 legum
923 3309 1097 3381 severitate,
1114 3322 1150 3371 ut
1175 3312 1214 3374 ab
1296 3375 1297 3388 ,

208 3386 404 3447 ecclesiasticis
427 3389 591 3467 quibusque
616 3392 758 3451 ministris
785 3401 884 3451 sancta
906 3391 1005 3453 sancte
1027 3401 1213 3469 tractentur,

209 3469 351 3546 quantiam
365 3489 431 3530 cum
442 3474 569 3533 Domino
580 3491 749 3552 possumus,
760 3475 915 3551 providere
926 3476 1095 3552 studemus;
1106 3476 1214 3540 verbm

208 3554 295 3614 ctiam
305 3554 383 3633 leges
396 3555 471 3635 ipsas
481 3599 489 3629 ,
500 3574 538 3617 ne
550 3557 625 3619 lortd
637 3558 762 3621 sinistris
773 3560 1066 3639 interpretationibus
1078 3561 1112 3628 in,
1120 3562 1212 3624 alter·
