2642 4150
170 263 232 327 aes
281 325 283 328 ,
597 255 757 337 Appiae

170 359 312 442 quoniam
332 373 393 419 non
410 356 443 417 in
458 354 566 434 scripta
580 355 806 433 inquirebatur,
820 356 872 418 sed
893 358 925 419 in
937 374 1097 436 personas,
1112 365 1186 441 quse

148 448 206 516 ¹de
233 443 337 505 heresi
368 439 579 519 arguebantur.
600 441 707 503 citatio
732 450 832 502 autem
854 443 905 503 illa
926 461 980 522 per
1010 442 1179 508 edictumia

168 530 344 595 Tridentino
362 526 429 587 data
447 534 510 598 cst,
533 543 594 588 non
611 526 733 603 quidem
756 526 793 588 ad
811 529 976 606 legitimam
995 529 1180 594 reddendam

168 614 374 678 baereticorum
387 612 534 672 librorum
555 611 821 688 proscriptionem,
844 612 896 672 sed
916 610 1033 673 tanturn
1049 615 1088 676 ad
1101 617 1182 695 ipsos

168 698 321 761 hereticos
334 706 364 758 et
377 706 511 756 auctores
521 695 715 756 reducendos.
726 696 911 774 Quodaliqui
925 698 1046 759 tandem
1057 701 1182 763 luerunt

169 782 346 861 quandoque
361 781 474 853 vocati,
494 778 668 859 pribsquam
688 781 823 858 ipsorum
845 780 915 841 libri
938 781 1180 857 damnarentur,

169 864 225 927 boc
237 884 297 927 non
311 867 511 926 necessitatem
527 864 660 936 inducit,
674 865 725 924 sed
737 863 854 925 tannim
871 866 1041 943 equitatem
1052 870 1183 929 ostendit

169 949 203 1011 in
217 951 393 1029 quibusdam
415 950 528 1010 casibus
549 947 764 1025 adhibendam,
782 947 873 1026 prosit
889 951 1182 1026 sepienterinsinuat
1225 1007 1227 1012 ,

170 1033 346 1098 Benedictus
364 1035 455 1095 XIV.
480 1034 512 1093 in
532 1033 582 1093 cit.
604 1033 687 1093 hulla
704 1029 857 1110 Sollicito,
879 1031 906 1113 ὃ.
926 1036 976 1094 ll).
1000 1035 1052 1094 ubi
1075 1036 1179 1097 dicit:

169 1116 273 1179 Nihilo
287 1126 385 1179 tomen
399 1115 515 1189 minus,
530 1114 611 1195 qteod
627 1118 705 1197 auspi
729 1115 844 1179 olias...
858 1115 895 1178 eb
907 1116 1007 1179 codem
1023 1136 1182 1200 congrege·

171 1200 248 1263 tione
263 1201 377 1281 fectum
389 1199 483 1283 fuisse
499 1206 635 1271 coeestut,
652 1199 705 1262 boc
723 1203 812 1261 ctione
824 1199 1017 1283 inposterum
1027 1203 1183 1263 servari...

170 1292 325 1366 optemus,
345 1293 382 1346 ut
404 1283 524 1365 quondo
546 1302 592 1346 res
610 1283 654 1345 sit
680 1283 715 1345 de
738 1292 856 1346 auctore
874 1282 1015 1346 cutleoie‘cn
1037 1283 1180 1365 otique...

170 1369 257 1450 some
281 1366 409 1441 illustri,
430 1368 550 1449 ejusque
573 1385 647 1449 opus
666 1366 802 1464 (demptis
826 1368 1022 1446 denteudis)...
1046 1368 1181 1449 prodesse

170 1470 253 1534 pesse
271 1452 479 1535 denoscetur,
499 1450 544 1513 uel
563 1460 712 1513 auctorem
736 1470 834 1531 ipsum
854 1470 943 1514 suem
961 1470 1081 1513 causum
1101 1453 1184 1513 tueri

171 1534 313 1599 ookuutn
333 1539 550 1618 (Congregatio)
576 1536 700 1608 audiet,
724 1534 771 1597 oei
793 1556 891 1621 suune·
911 1555 948 1596 ee
967 1534 1183 1600 consultoribus

172 1619 318 1703 designet,
331 1623 387 1701 qui
398 1643 434 1682 cu
447 1619 543 1701 officio
557 1621 653 1705 operis
668 1623 902 1702 patrocinium...
916 1620 1069 1701 suscipiat.

211 1706 321 1765 XXIX.
334 1703 488 1781 objiciunt
506 1707 560 1765 tv.
584 1705 629 1764 dd
651 1706 787 1766 valorem
815 1706 888 1784 legis
907 1705 1100 1765 ecclesiastice
1114 1724 1182 1767 non

172 1789 329 1863 sufficere,
343 1798 376 1849 ut
397 1790 447 1850 illa
468 1791 568 1849 Romoe
584 1787 701 1849 tantirm
718 1794 940 1869 promulgetur,
953 1807 1016 1848 eam
1031 1788 1182 1867 affigendo

173 1873 211 1934 ed
228 1869 337 1936 Vuicos
347 1875 474 1935 Basilica
484 1875 516 1934 S.
527 1874 627 1948 Petri,
644 1876 693 1934 vel
706 1876 737 1935 in
748 1893 852 1956 cumpo
865 1872 980 1952 Florts3
992 1872 1042 1934 sed
1053 1876 1182 1952 requiri,

173 1968 208 2022 ut
220 1978 274 2040 per
294 1960 423 2039 singulas
442 1959 607 2038 provincius
624 1958 801 2037 publicetur.
818 1960 892 2019 ilinc
911 1955 1069 2019 adstruunt
1088 1960 1185 2037 aliqui

174 2054 319 2108 nostrates
329 2045 517 2118 Nebuloues,
532 2042 611 2123 queo
627 2045 716 2105 index
726 2046 876 2106 Romanus
888 2045 920 2105 in
932 2042 990 2104 hue
1006 2063 1096 2123 reguo
1109 2047 1187 2108 Nea-

171 2133 303 2211 politono
323 2149 383 2192 non
402 2130 531 2209 obliget,
545 2138 648 2207 utpote
666 2148 727 2190 uon
744 2130 928 2209 publicatus,
941 2148 997 2190 nec
1005 2139 1183 2209 receptatus.

174 2216 210 2275 lit
225 2215 305 2275 idem
324 2222 458 2275 asserunt
469 2214 506 2274 de
517 2213 597 2272 bulla
614 2214 800 2291 Coenoe,qud
821 2215 1184 2279 excommunicantursub

172 2297 357 2360 anathemate
377 2299 462 2376 Papae
484 2307 633 2358 rcscrrato
651 2316 755 2359 omnes
775 2300 923 2377 legentes,
935 2299 1110 2369 vendentes,
1128 2310 1185 2360 aut

171 2384 331 2446 retinentes
352 2382 444 2443 libros
461 2378 690 2456 hereticorum,
707 2381 844 2445 heresim
864 2384 1064 2459 continentes,
1079 2383 1185 2444 uelde

172 2466 315 2546 religione
332 2474 499 2526 tractantes.
728 2542 731 2545 Δ
1067 2524 1071 2533 ,

211 2552 307 2612 ΧΧΧ.
322 2551 528 2630 Respondetur
538 2596 547 2624 ‚
559 2550 637 2614 bane
648 2551 845 2629 objectionem
861 2551 893 2613 in
904 2559 1006 2614 nostro
1018 2567 1083 2613 casu
1094 2568 1186 2630 pror·

172 2638 222 2701 eds
244 2637 364 2698 inanem
382 2655 467 2714 esse,·
492 2655 562 2699 nam
585 2638 685 2717 primi
705 2636 867 2710 babemus,
887 2646 922 2697 ut
942 2637 1073 2696 diximus
1091 2636 1187 2713 supria

172 2741 206 2784 ee.
231 2722 278 2782 18.
301 2731 363 2782 tam
385 2719 477 2784 Pium
496 2724 515 2782 1
520 2724 556 2794 V,
570 2722 660 2801 quim
676 2719 848 2783 Clementem
867 2723 955 2783 VIII.
974 2720 1126 2781 mandasse
1151 2730 1188 2782 et

172 2822 307 2877 curasse,
336 2813 371 2865 ut
388 2806 477 2865 index
496 2823 549 2882 per
566 2815 662 2866 totum
692 2805 796 2865 orbem
827 2805 1037 2883 publicaretur.
1067 2805 1189 2867 Deinde

172 2887 333 2958 babemus,
359 2886 441 2965 qubd
465 2885 626 2969 Philippus
644 2890 690 2951 11.
711 2906 765 2967 per
786 2887 916 2949 edictum
938 2888 1041 2949 datum
1064 2887 1113 2948 die
1143 2892 1188 2952 tt

173 2971 302 3032 februar.
326 2990 396 3031 ann.
412 2973 499 3032 etse.
513 2973 624 3050 (Exstat
645 2970 701 3032 hoe
720 2972 833 3033 editum
848 2968 929 3032 Ptit.
943 2974 990 3032 ΙΙ.
1010 2971 1089 3049 apud
1111 2972 1189 3034 Vere

172 3058 271 3135 Espeu
283 3063 366 3135 pert.
379 3058 410 3115 t.
425 3053 504 3116 titul.
516 3058 566 3116 ᾗ.
583 3056 619 3116 de
635 3059 741 3134 Couqr.
759 3055 849 3116 Cord.
862 3074 888 3116 c.
904 3058 933 3115 l.
947 3074 979 3115 u.
994 3057 1057 3132 st.)
1070 3074 1190 3133 prece-

174 3140 218 3219 pit
232 3139 360 3200 iudicem
376 3141 563 3211 Romanum,
585 3141 661 3200 sicut
678 3159 732 3219 per
745 3140 838 3201 Pium
856 3142 914 3201 IV.
931 3140 1096 3218 publicatus
1114 3140 1188 3203 lue·

172 3231 239 3293 rat,
254 3224 345 3301 recipi
365 3231 396 3283 et
415 3224 564 3284 observari
588 3225 621 3284 iu
643 3224 781 3285 omnibus
794 3225 892 3303 regnis
912 3243 973 3285 suae
996 3222 1134 3300 ditionis,
1153 3237 1188 3289 ct

133 3316 136 3321 ’
172 3307 240 3370 ided
263 3309 359 3386 ipsum
377 3307 527 3369 adomnia
544 3309 664 3368 consilia
683 3310 764 3387 regia
784 3310 944 3370 transmitti
963 3308 1132 3378 mandevit,
1149 3320 1189 3371 ut

172 3410 276 3454 eorum
298 3393 471 3454 auctoritate
485 3409 538 3470 per
551 3394 717 3470 provincias
732 3411 815 3454 more
829 3394 915 3455 solito
929 3393 1187 3471 promulgaretur.
1302 3390 1304 3409 “

173 3475 261 3549 Quod
277 3476 403 3555 proinde
423 3474 587 3553 presertim
606 3477 638 3535 in
659 3488 762 3538 nostru
787 3496 881 3555 regno
902 3476 1095 3554 Neapolitano
1115 3477 1189 3553 sine

173 3560 234 3618 ulla
266 3561 499 3621 contradictione
526 3561 692 3623 executioni
720 3562 932 3624 demandatum
956 3561 1023 3621 luit.
1044 3562 1081 3621 Et
1109 3560 1189 3625 ciem

163 3642 361 3709 ¹leeueceetius
373 3645 453 3710 ΧΗ.
473 3655 708 3726 conquereretur
725 3649 804 3728 apud
826 3642 966 3710 Ceruium
983 3647 1030 3709 11.
1050 3642 1133 3724 quid
1153 3647 1192 3715 in
