2642 4150
362 129 411 187 De
422 121 619 207 prohibitione
631 89 784 196 librarent.
806 124 903 204 Caput
920 127 984 187 111.
1119 132 1176 195 utu

167 233 255 313 preat
283 226 402 291 mortis.
431 226 530 285 Exstat
554 223 586 286 in
619 222 731 283 Concil.
757 219 892 283 chalced.
914 224 977 284 det.
1004 225 1034 284 ὅ.
1057 232 1087 283 et
1113 229 1178 289 vide

168 316 259 379 etiam
271 316 389 374 Boron.
404 305 445 367 od
458 324 532 368 aun.
549 307 607 366 118
622 314 650 364 et
666 308 735 364 119.

206 400 259 459 tv.
271 394 383 455 Eodem
405 390 512 450 soecum
529 389 567 447 V.
583 387 693 450 itcrdm
712 390 745 448 8.
762 390 819 450 Leo
832 388 924 448 libros
947 388 1175 456 iiauichaearum
1206 377 1212 410 ⁶

168 479 360 561 proscripsit,
383 483 418 536 ut
435 476 529 533 refert
552 473 584 531 S.
606 474 736 552 Prosper
754 471 789 531 in
815 472 924 532 Cicron.
945 472 981 530 ud
1003 478 1173 549 11111115,

167 566 211 626 sic
231 563 360 622 scribms
391 578 401 616 ε
432 552 597 634 Diliqentia
622 557 717 634 Papa
735 554 839 617 leonis
860 553 1016 624 innotuit,
1036 561 1089 633 qui
1106 561 1176 619 Ma·

167 644 296 708 annau
330 642 366 702 de
403 641 516 701 semotis
546 638 608 699 sais
639 647 766 714 erutos,
796 647 825 698 et
848 636 940 699 ocutis
963 638 1053 699 totius
1082 640 1178 703 Eccle-

167 728 221 791 sia
248 723 416 808 publicator
444 724 540 782 omnis
566 719 713 800 deponatis
742 724 792 782 sui
821 719 1036 801 turpitudinem
1066 731 1095 782 ct
1121 724 1175 785 do·

168 830 271 874 ornare
283 809 372 889 fecit,
394 814 424 866 ct
434 804 571 884 prodere,
593 804 721 865 incensis
734 823 835 865 corum
850 803 1012 875 codicibus,
1030 806 1175 888 inultique

168 891 369 957 Orientalium
396 887 557 951 sacerdotes
584 886 767 947 industriam
799 888 917 949 rectoris
947 896 1020 948 sunt
1049 891 1173 953 imitati.

167 981 252 1042 Idem
266 979 298 1036 8.
315 978 372 1036 Leo
390 974 505 1050 scripsit
527 993 535 1030 ε
557 971 733 1031 Curandum
751 989 831 1044 esse,
860 981 890 1032 et
908 972 1082 1037 sacerdotali
1104 975 1176 1036 diii·

167 1061 271 1144 pontid
291 1059 420 1118 eruanimi
439 1053 680 1135 providendum,
701 1063 735 1114 ut
760 1052 869 1134 falsati
898 1057 1006 1116 codices
1036 1057 1070 1116 in
1091 1057 1174 1124 nulio

166 1130 230 1207 iesu
251 1142 379 1204 lectionis
402 1138 578 1200 isabeantur.
605 1137 788 1218 Apoerppiroe
814 1147 913 1199 autem
933 1139 1094 1220 Scriptum
1113 1162 1174 1205 nou

167 1225 264 1290 solum
286 1222 491 1286 interdicendo
503 1267 513 1299 ,
535 1220 594 1296 ¹sed
624 1222 741 1302 ignibus
764 1220 1016 1284 concremanda...
1045 1226 1126 1287 Unde
1147 1230 1176 1289 si

166 1310 236 1390 qun
253 1309 469 1391 Episcoporum
490 1304 661 1386 apocrypho
675 1304 779 1366 habiri
797 1325 852 1386 per
870 1304 971 1366 domos
991 1326 1051 1370 nun
1071 1309 1174 1391 prolui·

168 1393 282 1466 buerit,
302 1391 470 1458 haereticam
486 1408 518 1451 so
534 1388 649 1450 nouerit
666 1388 887 1469 judicandum
907 1389 1048 1466 quonium
1061 1394 1090 1453 si
1099 1392 1174 1454 aiios

169 1476 209 1540 ab
229 1493 323 1540 errore
340 1494 403 1535 nan
423 1480 562 1544 reuocat,
583 1471 713 1553 seipsum
734 1491 833 1533 errare
858 1470 1048 1533 demonstrat.
1075 1475 1173 1553 Epist.

171 1561 220 1624 11.
252 1558 321 1619 uliis
344 1560 394 1619 95.
422 1576 448 1619 e.
474 1559 523 1618 11.
540 1557 619 1616 Edit.
646 1559 722 1616 Veu.
747 1557 829 1616 Idem
854 1556 887 1616 S.
911 1555 986 1630 loo,
1010 1565 1045 1617 ut
1067 1558 1176 1634 legitur

169 1644 201 1702 iu
219 1641 282 1719 ejus
294 1659 433 1721 responsa
443 1641 477 1700 od
488 1643 519 1700 S.
535 1639 707 1701 Turribium
717 1684 725 1713 ‚
737 1642 843 1719 scripto
861 1639 1012 1700 damnavit
1025 1642 1174 1720 Apollinu-

167 1727 329 1803 risurum,
350 1737 380 1786 et
394 1723 522 1786 Diatiaii
548 1726 683 1803 Episcopi
711 1726 905 1787 Asturiceusis
926 1727 989 1806 (qui
1009 1736 1107 1787 nmen
1136 1725 1173 1786 cb

168 1827 269 1871 crrorc
278 1810 342 1886 jam
354 1808 527 1887 resipuerat)
542 1809 584 1867 sio
597 1810 753 1885 inquiens:
767 1809 824 1871 Sed
840 1830 924 1875 nuno
939 1811 1000 1874 hac
1015 1809 1173 1874 catholicus

168 1901 349 1971 mactarunt,
368 1911 418 1953 nce
440 1892 518 1951 inter
543 1890 699 1953 catholicos
720 1904 893 1970 censeatur,
912 1894 1048 1976 qusquis
1076 1896 1174 1956 utitur

167 1979 301 2058 cuipas,
320 1996 380 2038 noa
399 1974 496 2040 coliem
512 1973 700 2039 abderiten
721 1978 886 2057 catholico,
908 1979 960 2042 sod
975 1980 1099 2039 etiamd
1119 1996 1172 2040 suo

169 2069 286 2123 auctore
303 2058 463 2123 duranatis.

206 2145 245 2206 V.
266 2146 376 2205 Eodem
396 2145 502 2206 saeculo
525 2145 564 2206 V.
585 2152 708 2225 putatur
727 2145 871 2225 prodiisse
889 2146 1003 2209 celebra
1022 2147 1171 2209 decretum

168 2227 206 2293 de
235 2246 358 2289 censura
381 2229 556 2305 librorum,
594 2228 711 2291 Gelasio
741 2232 929 2293 attributum.
954 2233 1108 2295 Barouius
1132 2231 1174 2294 od

167 2331 242 2373 aaa.
259 2314 309 2373 oo.
333 2330 365 2372 n.
379 2314 410 2373 1.
432 2331 498 2375 cunr
513 2315 659 2391 aliquibus
677 2316 742 2375 cliis
761 2318 927 2378 Damasum
950 2318 1043 2378 credit
1062 2317 1170 2376 decreti

167 2395 246 2463 iliius
269 2405 436 2468 auctorem,
452 2395 602 2457 Gelasium
617 2396 688 2458 verit
710 2402 960 2478 promulgatorem
973 2424 982 2477 3
995 2401 1046 2461 sed
1066 2403 1172 2461 Perso-

167 2479 236 2541 nius
248 2480 283 2539 in
300 2477 413 2541 Vindio.
427 2480 581 2560 lpnation.
596 2479 660 2540 Lib.
672 2483 701 2539 1.
712 2500 738 2541 e.
753 2485 783 2541 1.
794 2501 830 2541 cx
840 2485 1044 2560 antiquissima
1054 2483 1169 2553 codice,

167 2563 198 2623 in
215 2564 350 2641 Augiiom
373 2565 485 2640 perlato
498 2563 515 2623 1
526 2560 699 2639 lanfranco
715 2582 751 2623 ex
768 2566 909 2624 Coenabio
929 2567 1081 2634 Beecensi‚
1101 2566 1172 2643 legit

167 2647 289 2707 titulum
308 2668 317 2706 ι
339 2649 495 2707 Decretum
513 2644 626 2710 Gelusii
641 2649 736 2725 Papa
750 2646 784 2707 dc
795 2646 990 2728 recipiendis,
1006 2655 1036 2706 et
1049 2665 1109 2706 aare
1126 2666 1172 2707 re-

166 2728 311 2808 cipiendis
333 2727 466 2791 libris...
489 2748 556 2810 qna
580 2739 650 2791 sam
669 2729 782 2809 scripto
808 2727 846 2791 ab
867 2748 900 2790 eo
930 2748 996 2790 eum
1015 2731 1055 2790 70
1074 2730 1173 2793 erudi·
1221 2752 1226 2761 ·

167 2813 291 2874 tissirnrs
316 2812 482 2894 Episcopis.
502 2817 551 2874 ‘Et
577 2814 654 2874 idem
681 2816 837 2891 confirmat
860 2815 1044 2887 Gratianus,
1067 2818 1172 2896 tropus

167 2897 288 2957 Ferrar.
301 2894 430 2976 ,aliique
438 2916 505 2958 cum
514 2896 610 2958 Niooi.
622 2901 721 2978 Papa.
733 2898 834 2980 Epist.
847 2902 885 2962 19
898 2899 938 2960 ad
950 2899 1169 2979 EpisaGoiiiae.

166 2979 363 3057 lupusFerr.
380 2979 465 3059 epist.
484 2979 524 3041 od
535 2979 632 3041 Garoi.
654 2980 737 3043 Calo.
751 2982 785 3043 in
796 2982 853 3062 (in.
869 2985 1009 3045 Gration.
1023 2980 1173 3047 assueto

167 3063 252 3122 uou.
268 3064 347 3123 Dist.
368 3065 416 3123 tt.
437 3065 504 3123 Nou
520 3064 614 3125 obstat
633 3068 753 3144 quidam
780 3069 870 3128 codex
892 3069 970 3146 opud
989 3067 1170 3141 Baluzium,

169 3143 220 3203 ubi
238 3143 391 3205 decretum
408 3146 482 3205 illud
506 3147 682 3209 adscribitur
705 3151 873 3212 Hormisdou
895 3154 1004 3229 Papae,
1024 3171 1114 3222 uum,
1139 3161 1172 3210 ut

168 3227 301 3289 rcicruat
335 3229 415 3290 idom
443 3229 618 3301 Rammius,
644 3236 778 3314 Papius,
805 3234 891 3297 Card.
911 3236 1021 3307 Naris,
1044 3244 1073 3294 et
1092 3232 1151 3294 aiii
1162 3277 1170 3305 ‚

168 3311 284 3370 Boron.
307 3310 347 3372 ad
368 3331 442 3372 ann.
466 3315 536 3374 420.
551 3333 582 3373 n.
603 3318 652 3375 91.
670 3320 781 3398 Papius
798 3318 841 3379 ibi
858 3318 892 3377 in
913 3319 987 3378 Grit.
1007 3335 1079 3379 artu.
1100 3318 1169 3375 191.

169 3409 201 3451 n.
216 3394 246 3453 1.
261 3395 353 3456 Naris
372 3396 406 3455 in
427 3397 623 3478 Cariotopiu’is
645 3403 767 3462 Pisanis
797 3399 870 3460 diss.
888 3400 961 3478 13,
988 3401 1017 3457 1.
1042 3399 1090 3461 P„
1103 3398 1173 3457 Oroi

167 3474 248 3537 Hist.
263 3473 431 3542 Eccirsr'ast.
451 3478 491 3541 od
514 3498 587 3542 orori.
602 3486 672 3545 191.
691 3486 769 3544 idom
787 3481 949 3544 Horraisda
977 3479 1106 3538 scribens
1133 3481 1172 3540 ud
