2642 4150
436 173 514 232 Pars
526 170 662 232 secunda.
680 172 777 253 Caput
787 175 817 234 Ι.
1090 174 1127 239 cr

123 280 230 335 rrrrctuo
255 271 384 335 debitam
407 271 463 333 riti
489 270 634 352 caipendc'.
658 274 759 353 Neque
783 272 853 332 item
878 281 1021 356 neputur,
1046 292 1130 354 passe

120 355 273 420 errationes
275 356 433 437 pecuniam
443 353 480 416 ab
486 372 661 435 urnaqnaque
674 373 771 431 snam,
780 373 834 436 per
841 353 916 418 alias
921 355 1042 417 diacrsce
1049 377 1130 438 prar-

119 441 173 503 sics
183 449 307 501 untrcrcc
322 441 344 498 d
359 437 459 498 mutui
469 444 581 497 natura
593 445 779 515 contractus,
794 442 867 500 recte
885 437 1022 501 collocari
1033 448 1061 499 et
1072 441 1131 502 im·

119 523 234 607 pendi,
256 525 318 584 siue
343 521 384 583 ud
410 529 569 602 prouentus
586 520 645 583 sibi
667 539 783 581 annuas
807 522 1041 604 carcquircndae,
1069 524 1131 586 sire

121 613 212 670 etiem
229 598 272 669 ud
287 605 400 681 licitam
411 612 624 680 mercaturam,
647 614 677 666 et
689 605 914 685 nepetiatiaaem
926 605 1128 683 exercendam,

121 692 303 770 locustaque
317 688 448 750 indidem
464 687 548 750 lucra
556 688 755 769 percipienda.

158 780 211 839 lV.
228 771 483 852 Quemadmodum
502 777 569 836 uera
591 773 624 833 in
647 781 689 834 tat
711 772 856 853 ejusmodi
871 775 994 842 dirersis
1011 786 1130 842 cantra·

121 869 222 924 ctuurn
232 858 408 941 peneribus,
428 856 458 918 si
482 876 539 920 sna
553 856 693 938 cujasqae
709 876 770 919 nan
792 868 927 922 seruatur
945 862 1127 943 aeqrcelitae,

121 943 270 1028 quiclqmd
289 940 359 1022 plus
382 940 466 1022 justo
494 941 655 1023 recipitur,
680 940 709 1002 si
730 941 831 1003 minius
853 943 893 1005 ud
912 963 1058 1020 usuratu,
1084 947 1130 1026 (cd

122 1028 203 1108 quedl
227 1045 315 1089 amne
333 1034 472 1086 mutuum
492 1034 551 1086 tam
572 1036 727 1106 apertum,
746 1030 836 1108 qudm
856 1027 1019 1109 palliatum
1040 1030 1129 1110 absit)

124 1112 244 1173 atcerte
257 1110 298 1172 nd
315 1109 408 1170 aliem
426 1127 526 1170 ueram
543 1109 725 1190 injustitiam
740 1111 912 1173 restituendi
926 1131 1000 1174 anus
1014 1117 1130 1194 pariter

123 1195 312 1274 afferentem,
326 1202 454 1273 spectare
471 1201 649 1274 compertum
666 1201 727 1269 est,-
744 1192 790 1253 ita
806 1194 834 1255 si
843 1196 900 1255 riti
922 1196 1024 1257 amnia
1040 1217 1129 1278 pera·

121 1288 257 1360 paretur,
277 1287 305 1340 et
325 1277 365 1339 ad
378 1277 508 1358 justitiae
529 1275 635 1339 libram
651 1277 827 1357 eriperetur,
851 1278 1046 1340 dubitandum
1067 1301 1129 1344 nan

122 1372 185 1437 cst,
206 1365 283 1443 quin
306 1360 459 1443 multiplex
479 1362 513 1422 in
529 1358 633 1423 iisdem
656 1360 851 1422 contractibus
870 1361 966 1424 licitus
982 1363 1087 1427 euraclus
1099 1373 1130 1428 ct

125 1448 207 1508 ratio
232 1455 367 1526 suppetat
394 1446 528 1508 humana
557 1442 754 1516 commercia,
775 1452 804 1503 et
824 1444 1008 1524 fructuosam
1030 1447 1129 1526 ipsam

125 1531 352 1610 nepotiationem
370 1529 409 1591 ad
425 1529 577 1610 prcblicum
595 1526 779 1589 commodum
796 1529 1006 1602 consecrandi,
1022 1548 1056 1589 uc
1067 1529 1130 1608 sre-

122 1611 300 1694 qucntandi.
313 1613 394 1674 necte
405 1613 516 1675 eninrd
532 1611 769 1673 Christianarum
788 1610 918 1689 ernincia,
935 1621 971 1672 ut
987 1632 1041 1692 per
1054 1632 1128 1675 usuc·

121 1714 189 1768 ras,
205 1704 264 1761 aret
274 1693 384 1757 similes
406 1695 521 1759 alienas
541 1695 674 1775 iujuriae
689 1693 791 1776 florere
801 1712 887 1777 passe
916 1692 1031 1759 lucrosa
1048 1717 1127 1759 cam·

120 1782 228 1843 rrrcrcia
246 1781 433 1842 existiment:
447 1781 512 1841 cinn
528 1783 630 1840 cantrd
647 1798 682 1840 ca
699 1782 763 1861 ipsa
775 1776 901 1841 Oracula
915 1779 1017 1842 diuino
1029 1783 1127 1845 disca·

119 1883 205 1940 urus,
237 1863 318 1945 quad
339 1864 462 1945 justitia
488 1863 577 1927 eleuet
594 1873 730 1949 pentem,
756 1864 876 1926 arueras
906 1873 1006 1929 aretem
1029 1867 1127 1947 faciat

117 1945 246 2029 papulas
261 1956 419 2028 peecatum.

156 2042 194 2101 V.
217 2039 279 2103 Sed
300 2038 378 2102 illud
395 2038 549 2122 diliqcnter
574 2038 867 2104 animaduertendum
882 2048 947 2119 est,
973 2039 1053 2121 [alst
1068 2044 1127 2109 sili

120 2144 313 2208 preterquam,
326 2133 356 2185 et
367 2125 489 2196 rwrenisi
504 2128 606 2200 temeri
618 2144 850 2206 persuasurum,
867 2126 993 2207 reperiri
1000 2145 1123 2207 semper,

119 2228 153 2271 ac
172 2212 284 2291 praeta
303 2208 410 2290 ubique
430 2226 508 2280 esse,
531 2207 577 2269 acl
595 2212 657 2270 ccnd
681 2228 748 2270 cunr
776 2219 881 2271 rnutua
916 2208 1017 2290 titulae
1049 2210 1125 2275 aliae

117 2293 286 2376 lepitineas,
304 2292 351 2355 uel
368 2290 477 2358 seclusa
489 2294 578 2366 etium
593 2302 714 2370 mutum,
731 2303 896 2357 contractus
918 2294 992 2358 alias
1001 2298 1101 2378 justas
1108 2345 1121 2377 ,

116 2394 245 2456 acrarum
269 2376 316 2439 uel
332 2375 485 2439 titulorum
498 2422 507 2450 ‚
520 2375 565 2439 uel
590 2387 793 2440 contracturum
815 2379 971 2459 praesidia,
996 2386 1123 2461 queatics·

114 2480 240 2544 merique
254 2461 398 2543 mannia,
416 2460 617 2541 maerentum,
636 2460 754 2522 aliudve
767 2461 800 2522 id
812 2466 927 2542 pencris
948 2463 1037 2524 alteri
1060 2468 1123 2528 cui·

114 2564 242 2626 mareque
253 2546 401 2621 creditur,
415 2546 497 2607 toties
513 2565 625 2626 semper
638 2543 726 2607 liceat
747 2546 913 2607 auctarium
927 2548 1123 2622 moderatum,

114 2628 198 2689 ultrei
211 2637 318 2690 sertem
329 2630 473 2710 irrtcpram
484 2627 674 2707 salvamque,
693 2629 829 2708 recipere.
844 2634 894 2688 lta
906 2630 935 2690 si
951 2634 1019 2708 quis
1034 2651 1124 2694 cerue-

114 2711 173 2784 rr't‚
196 2729 260 2773 nan
270 2712 356 2776 arada
370 2712 480 2774 diuinis
496 2712 695 2788 documentis,
722 2722 750 2772 et
766 2708 915 2773 catlralicae
939 2712 1076 2777 Ecclesiae
1088 2716 1124 2777 de

113 2794 355 2874 userrajudicia,
373 2796 424 2857 sed
440 2797 501 2876 ipsi
522 2795 612 2858 ctiam
628 2796 760 2866 larnano
776 2797 926 2858 communi
943 2798 1067 2872 sensui,
1090 2821 1124 2862 aa

105 2876 256 2940 natarali
272 2879 385 2940 rationi
404 2878 507 2959 pracial
527 2881 615 2943 dubia
631 2879 846 2943 adversabitur.
860 2882 1015 2943 Neminem
1034 2886 1127 2960 ctiamv

112 2961 147 3021 id
157 2959 263 3022 saltem
275 2957 364 3023 latere
371 2971 481 3042 potest,
500 2962 579 3040 queat
593 2962 695 3025 multis
705 2966 738 3025 in
751 2963 869 3026 ausibus
882 2972 1015 3027 teneatur
1024 2968 1121 3041 horrca,

111 3043 244 3126 siurplici
263 3064 298 3105 ac
320 3045 399 3107 nuda
421 3054 525 3107 mutua
553 3045 641 3107 alteri
665 3065 851 3123 succurrere,
873 3048 938 3127 ipsa
960 3054 1123 3129 presertim

115 3129 234 3190 Clerista
243 3129 373 3191 Domina
384 3129 514 3191 educente
527 3155 539 3183 ι
553 3128 669 3193 Valenti
676 3142 779 3193 neutua
791 3135 811 3192 d
823 3141 868 3209 te,
883 3151 919 3196 ne
929 3139 1074 3200 avertaris
1090 3164 1122 3212 u,

110 3220 141 3272 et
159 3211 242 3292 qerdd
265 3211 402 3274 similiter
423 3213 525 3276 multis
550 3213 583 3274 in
604 3215 863 3293 circumstantiis,
896 3228 1004 3299 prater
1027 3242 1123 3292 unum

111 3305 253 3357 aeramine
261 3339 272 3368 ,
280 3294 368 3357 alteri
375 3294 526 3358 uulliuera
533 3295 674 3379 justaque
683 3302 846 3363 contractui
857 3297 937 3364 lacus
950 3320 1009 3364 csse
1015 3306 1120 3382 pessit.

105 3379 257 3462 ,Qrcisqais
281 3380 375 3460 ipitur
390 3398 452 3442 succe
468 3379 649 3445 censcientias
674 3383 841 3464 caresultum
865 3383 955 3457 velit,
986 3384 1122 3461 inquirat

108 3458 199 3536 pride
225 3460 382 3544 ditipeuter
409 3471 545 3546 oportent,
574 3470 676 3528 uectae
700 3488 766 3530 curn
787 3476 890 3529 rnutua
914 3468 1017 3545 justus
1041 3459 1121 3521 alius

112 3541 237 3690 tituTlus,
259 3550 365 3694 pprlae
380 3547 480 3628 justus
510 3547 585 3616 aller
607 3554 626 3611 d
647 3562 750 3614 urrutua
776 3558 946 3690 contractui}
968 3553 1118 3624 occurrat,

184 3650 244 3692 ara.
294 3673 303 3694 .
