2642 4150
174 187 212 247 tt
368 188 414 248 De
436 194 628 249 romanoram
646 188 762 269 Pontis.
774 190 971 263 deernimus.

171 322 173 331 ,
213 287 298 347 Hunc
315 286 407 366 porrd
421 287 452 348 in
470 305 592 366 scopum
610 305 663 349 vos
676 288 848 363 hortamur,
871 301 902 352 et
926 292 1057 372 impense
1075 295 1179 357 admo-

174 388 305 444 nemus,
334 379 369 433 ut
392 389 585 450 personarum
614 375 838 435 matrimonium
866 376 977 439 secreth
1004 378 1180 441 contrahere

173 457 337 533 petentium
360 456 486 534 diligens
510 458 562 518 liat
579 458 597 518 h
615 457 701 518 vobis
725 459 905 536 inquisitio:
927 479 965 521 au
982 463 1090 524 scilieet
1114 464 1179 541 ejus

173 539 342 615 qualitatis,
357 541 483 619 gradus,
498 550 528 602 ot
548 541 725 602 conditionis
741 543 823 613 sint,
841 561 908 619 quoe
925 545 956 604 id
975 545 1068 624 probe
1088 565 1178 625 expo-

172 630 274 699 scunt3
290 625 400 686 ausint
421 627 483 694 sui,
501 626 548 685 vel
567 626 655 686 alieni
667 625 762 702 juris,
773 645 811 687 an
831 627 1010 688 filiifamilias
1025 673 1033 702 ,
1049 647 1178 709 quorum

173 707 286 783 nuptiae
307 710 383 787 patri
410 707 491 786 juste
514 708 698 771 dissentienti
725 710 785 770 siut
807 711 908 771 invisae
930 731 938 770 a
959 712 996 771 ab
1021 712 1177 793 episcopali

173 791 303 867 etenim,
321 792 399 871 quod
419 794 544 871 geritis,
564 812 688 853 munere
717 792 844 853 nimium
867 804 940 856 esset
962 798 1114 867 alienum,
1134 798 1178 857 sa·

171 873 260 934 cilem
280 875 406 952 praeberi
422 878 485 937 filio
505 877 714 938 inobedientiae
737 878 940 955 occasionem
960 898 997 941 an
1018 898 1065 941 rea
1081 881 1120 941 sit
1138 881 1177 940 de

174 958 538 1033 personisecelesiastieis,
560 960 628 1021 licet
648 962 681 1022 iu
706 961 871 1021 minoribus
896 962 1048 1023 ordinibus
1069 964 1178 1025 eonsti-

174 1042 263 1112 tutis,
283 1043 456 1119 pensiones,
474 1055 506 1105 et
534 1045 675 1105 beneficia
695 1046 884 1105 ecclesiastica
897 1047 1120 1121 obtinentibus,
1142 1056 1177 1107 ut

173 1123 353 1187 detestabilis
379 1128 501 1190 illorum
524 1130 651 1189 retentio
679 1131 710 1189 in
729 1137 806 1187 statu
832 1140 955 1191 uxorato
976 1132 1112 1209 congruis
1129 1149 1178 1190 re·

173 1209 278 1270 mediis
302 1212 401 1289 postea
421 1223 632 1291 compescatur.
659 1211 847 1273 Potissimum
872 1213 946 1275 verb
973 1222 1057 1275 curet
1081 1224 1178 1274 vestra

171 1295 358 1369 sollicitudo,
371 1304 529 1375 autequam
541 1298 644 1357 secreti
659 1296 839 1356 matrimonii
854 1298 969 1359 licentia
982 1297 1176 1370 coucedatur,

173 1387 207 1439 ut
229 1378 432 1441 contrahentes
454 1380 551 1453 clara,
572 1390 601 1441 et
627 1380 772 1450 indubia,
793 1380 854 1442 eth
874 1383 976 1460 quavis
1000 1381 1102 1442 fraude
1120 1382 1179 1442 im·

172 1464 274 1524 munia
300 1463 457 1529 exhibeant
486 1464 661 1525 documenta
684 1462 776 1526 statius
800 1466 885 1528 liberi
901 1511 910 1539 ,
926 1466 964 1527 od
984 1465 1178 1527 avertendum

171 1548 210 1608 ab
231 1547 287 1618 iis,
309 1550 360 1628 qui
376 1547 507 1626 improbi
525 1557 595 1608 sunt
610 1549 737 1626 ingenii,
756 1550 931 1632 polygamiae
949 1550 1123 1627 periculum.

211 1632 297 1704 Quod
315 1632 420 1693 attinet
437 1631 475 1692 ad
499 1633 671 1692 ministrum
695 1636 798 1695 secreti
819 1635 1022 1705 matrimonii,
1039 1633 1178 1694 volumus

172 1715 210 1776 ad
230 1715 261 1775 id
277 1733 385 1776 munus
398 1715 533 1793 deputari
547 1713 709 1794 parochum
723 1718 843 1777 alterius
862 1736 898 1778 cx
919 1716 1175 1789 contrahentibus,

172 1817 262 1877 quem
282 1799 385 1859 notitia
407 1816 621 1878 personarum,
641 1802 819 1878 experientia
832 1846 841 1873 ,
855 1811 885 1862 et
897 1802 1055 1862 diuturnus
1074 1818 1178 1862 rerum

173 1902 242 1944 usus
268 1884 372 1960 quovis
401 1882 548 1943 sacerdote
579 1892 717 1944 extranco
750 1886 920 1963 peritiorem
954 1884 1082 1945 effecisse
1100 1902 1180 1962 prae·

172 1978 343 2047 sumuntur.
368 1967 400 2028 Si
420 1985 486 2045 quae
510 1975 608 2027 tamen
639 1966 722 2028 vobis
751 1979 905 2028 occurrant
929 1970 1176 2038 circumstantias,

172 2071 238 2130 quaa
259 2053 351 2114 ulium
380 2050 560 2113 sacerdotem
582 2051 646 2112 loco
672 2051 791 2130 parochi
819 2073 971 2132 exposcere
997 2052 1175 2120 videantur,

172 2139 254 2216 gravi
278 2138 450 2216 impellente
477 2137 581 2212 muse,
601 2137 625 2197 is
652 2136 821 2197 sacordosir
846 2138 929 2198 vobis
950 2139 1100 2215 eligatur,
1124 2133 1175 2211 qui

172 2222 336 2299 probitate,
354 2230 383 2281 et
394 2220 551 2298 doctrina,
569 2229 600 2281 et
619 2220 748 2281 obeundi
763 2223 894 2282 muueris
908 2222 1012 2299 peritia
1026 2236 1176 2284 commen·

172 2303 270 2365 dotur.
293 2305 349 2364 Uni
374 2312 500 2373 tamen,
525 2313 575 2364 aut
595 2304 679 2364 alteri
697 2306 869 2365 sacramenti
899 2303 1035 2365 ministro
1056 2302 1073 2362 h
1092 2301 1177 2361 vobis

172 2386 341 2464 deputando
361 2385 494 2447 districte
525 2388 713 2465 praecipiatur
731 2431 739 2459 ,
764 2406 801 2448 ue
830 2387 1018 2449 matrimonio
1037 2385 1174 2455 intersit,

172 2470 229 2532 nisi
247 2468 330 2547 priris
350 2471 472 2548 paterni
489 2469 631 2552 charitate
650 2471 788 2549 conjuges
804 2472 835 2532 iu
860 2472 987 2542 Domino
1004 2469 1174 2538 monuerit,

138 2611 143 2616 .
171 2554 304 2616 sobolem
338 2553 549 2631 procreandam
587 2557 754 2632 regenerari
785 2551 1005 2632 quamprimirm
1040 2559 1176 2629 oportere

172 2656 254 2699 sacro
271 2637 455 2715 baptismatis
473 2638 610 2714 lavacm3
631 2656 665 2697 ae
684 2637 799 2699 Christo
813 2636 904 2714 judici
923 2636 1086 2696 districtam
1109 2634 1178 2694 red·

143 2765 149 2788 ,
172 2724 287 2784 diturus
318 2738 380 2781 esse
400 2722 545 2783 rationem
565 2723 619 2782 nisi
646 2722 723 2783 filios
744 2731 780 2782 ut
804 2722 952 2799 legitimos
978 2718 1174 2797 agnoverint,

172 2826 279 2885 cosque
302 2807 433 2884 pietate,
451 2806 594 2883 bonisque
620 2808 753 2867 moribus
779 2806 966 2876 imbuerint,
991 2811 1022 2864 et
1046 2803 1104 2862 srui
1124 2820 1177 2879 pa-

172 2892 285 2951 tiantur
304 2890 390 2949 bonis
409 2890 637 2966 temporalibus,
650 2890 668 2949 h
680 2888 841 2966 majoribus
854 2891 886 2949 iu
904 2888 1049 2965 supremis
1069 2887 1176 2949 tabulis

172 2974 301 3042 relictis,
325 2973 372 3031 vel
389 2974 511 3050 provida
529 2975 627 3050 legum
648 2973 821 3033 auctoritate
842 2972 957 3032 delatis.

211 3056 364 3119 Celebrate
397 3064 495 3116 autem
519 3058 738 3129 matrimonio,
767 3054 928 3116 indilata
957 3053 1106 3132 parocho,
1130 3056 1178 3114 vol

173 3143 232 3203 ulio
250 3140 420 3211 sacerdote,
437 3159 535 3200 coram
555 3161 614 3219 quo
634 3143 742 3202 initum
763 3149 826 3212 est,
841 3138 1014 3200 exhibeatur
1036 3140 1177 3215 Episcopo

172 3227 253 3287 illius
271 3224 413 3301 scriptum
433 3223 666 3296 documentum,
688 3242 756 3284 cum
775 3234 844 3285 nota
863 3223 942 3295 loci,
962 3232 991 3283 et
1012 3223 1176 3298 temporis,

172 3311 367 3384 testiumque,
389 3308 441 3385 qui
461 3309 648 3369 celebrationi
661 3309 870 3369 interfuerunt.
891 3308 1031 3369 Vestrum
1047 3308 1105 3365 erit
1123 3322 1178 3382 pu·

172 3403 232 3454 stea
246 3391 403 3468 diligenter
424 3391 614 3464 incumbere,
638 3401 673 3451 ut
693 3392 730 3451 ad
749 3409 909 3469 perennem
933 3400 1021 3469 gestae
1044 3389 1089 3449 rei
1114 3406 1179 3447 mc·

173 3476 299 3534 moriam
320 3474 475 3552 praeiatum
504 3476 713 3536 documentum
744 3476 873 3536 fideliter
902 3474 1115 3535 transcribatur
1146 3473 1178 3530 in

171 3558 250 3619 libro
268 3557 388 3638 prorsus
400 3557 538 3624 distinctu
558 3558 595 3623 ab
610 3559 720 3636 altero,
736 3558 769 3620 iu
785 3577 845 3638 quu
860 3558 1047 3621 matrimonia
1060 3552 1180 3634 publice
