2642 4150
184 274 241 334 ltl
398 271 443 332 De
459 230 647 330 roomnornoi
662 264 777 346 Pontis.
795 229 936 341 decretis,
952 275 1004 331 ete.
1072 337 1076 344 ,

178 371 317 439 dociam.
341 378 439 431 ortem
463 377 506 431 est
535 369 570 430 de
594 368 777 452 episcopatus
805 365 920 452 cipere,
941 376 970 429 et
992 367 1028 429 eie
1051 368 1191 432 Ecclesia

177 455 374 538 preberooreilir
388 451 510 516 sublimi
520 472 554 515 oe
565 451 670 514 divino
680 460 822 535 potestate
839 476 849 513 .·
863 471 914 514 nec
936 452 1094 515 christiani
1105 453 1191 515 ultro

179 548 234 601 eut
256 537 364 601 (lurore
387 546 441 598 eut
455 555 514 599 esse
529 536 600 616 jem
620 554 778 618 possumus
790 581 799 610 ‚
812 535 842 598 si
855 536 896 599 od
914 536 967 599 lcoe
984 543 1104 599 veretum
1119 543 1188 613 est,

180 634 215 687 et
240 622 421 707 perditorum
439 622 538 683 mines
553 628 608 682 out
622 620 749 682 insidias
770 621 1016 702 pertimescamus.

218 751 340 813 Summo
354 751 443 812 etiem
463 748 561 810 studio
577 757 709 808 vestrum
725 746 890 825 flagitemus
906 748 1098 825 presidium,
1123 754 1192 815 cha.

180 833 288 897 uis'simi
316 836 347 897 in
381 834 499 896 Christo
526 833 593 893 Filii
625 834 718 892 nostri
752 829 888 892 catholici
921 831 1091 910 principes,
1113 856 1191 915 qnos

180 920 321 998 singulari
340 927 371 980 et
389 916 511 998 prorsils
533 924 658 995 paterno
681 932 782 978 umore
816 914 977 991 diligimus.
1007 918 1191 983 Revocemus

181 1013 336 1083 propterea
358 1004 441 1066 vobis
467 1004 501 1063 in
525 1000 701 1061 memorium
723 1000 831 1075 serbo,
853 998 961 1076 quibus
985 1000 1041 1060 Leo
1056 1004 1192 1085 Mopnus

181 1088 279 1166 (cujus
306 1089 338 1149 in
364 1088 508 1166 dignitate
531 1102 730 1156 successores,
764 1093 794 1144 ot
818 1085 948 1143 nominis
972 1084 1041 1146 liciet
1073 1088 1189 1170 indigni

184 1173 315 1234 liaercdes
329 1172 443 1251 sitinus)
463 1170 499 1230 ed
521 1171 644 1231 Leonem
661 1171 870 1247 imperatorem
886 1168 1016 1228 scribens
1034 1189 1104 1233 usus
1121 1185 1187 1236 cst:

182 1257 273 1319 Debes
282 1258 484 1318 i'oeeioetenter·
497 1251 767 1333 eilrertere,re9iem
779 1259 948 1333 potestatem
962 1253 1081 1316 tibiooo
1094 1256 1190 1320 solim

182 1341 223 1403 orl
234 1339 340 1402 monili
359 1339 506 1422 reptem,
523 1336 574 1399 sed
594 1336 724 1397 nissimi
740 1335 780 1397 oei
791 1331 926 1397 Ecriesiee
937 1338 1111 1418 presidium
1130 1362 1190 1404 esso

182 1423 344 1495 cellutam,
369 1433 404 1484 ut
425 1441 516 1485 ausos
535 1419 669 1501 nefarios
680 1418 909 1500 comprimerulo,
932 1439 998 1500 quoe
1021 1432 1093 1485 sunt
1113 1425 1190 1487 bona

93 1527 99 1545 ¹
182 1506 511 1589 stotuteiiefeodes,et
525 1524 625 1576 cerem
637 1523 741 1586 pacem
760 1504 807 1567 iis
819 1522 885 1587 quie
905 1513 977 1565 suet
1002 1506 1121 1570 turletc
1143 1530 1191 1571 re-

182 1595 301 1656 stituor.
320 1594 506 1669 Quamquam
519 1592 548 1649 in
563 1608 599 1650 eo
615 1589 785 1649 discrimino
809 1608 855 1649 res
872 1588 927 1648 hoc
945 1599 1077 1668 tempore
1092 1612 1191 1655 verse·

107 1747 113 1756 ¹
184 1688 251 1749 tur,
267 1688 316 1750 ut,
330 1694 391 1737 non
414 1673 504 1736 modo
525 1674 561 1734 od
576 1672 749 1734 catholicum
762 1674 944 1752 Religionem
955 1674 1189 1746 ostendendam,

182 1761 234 1822 sed
252 1760 290 1821 od
318 1758 457 1822 tuendam
485 1759 573 1818 etiem
597 1765 725 1819 vestram
750 1765 781 1818 ct
806 1757 985 1836 populorum
1013 1770 1112 1824 vestro
1131 1765 1192 1823 irn-

183 1848 266 1924 perio
284 1843 483 1921 subjectorum
502 1843 758 1914 incolumitatem,
779 1853 865 1902 sectae
887 1843 944 1903 illm
965 1843 982 1903 l
1002 1844 1086 1905 vobis
1107 1851 1191 1907 coer·

182 1930 282 1991 cende
295 1931 365 1990 sint.
387 1928 546 2007 Religionis
558 1927 640 1987 enim
659 1945 744 1987 ceusu
757 1971 766 2000 ‚
781 1919 838 1987 ho'c
855 1928 1016 2005 presertim
1037 1941 1190 2008 tempore.

184 2014 420 2077 consocietatis
445 2013 538 2071 solute
563 2012 602 2071 its
632 2010 788 2089 conjuncto
813 2021 876 2084 est,
902 2017 936 2073 ut
964 2013 1048 2074 nullo
1068 2015 1192 2092 quidem

184 2100 272 2161 modo
293 2101 383 2161 alters
408 2097 445 2158 ob
474 2099 563 2158 ollem
596 2096 689 2156 dividi
714 2097 815 2174 possit.
840 2099 986 2175 Numqui
1012 2100 1193 2159 sectossillus

184 2195 374 2263 sequuntur,
400 2203 459 2244 non
491 2180 590 2242 minius
617 2182 778 2259 Religionis
801 2179 890 2260 quim
914 2192 1018 2243 vestre
1041 2187 1192 2261 potestatis

183 2278 253 2328 sient
271 2268 390 2338 hostes,
412 2277 568 2345 utramque
583 2267 822 2342 aggrediuntur,
844 2275 998 2344 utromque
1015 2266 1133 2345 penitius
1148 2269 1193 2328 lo·

184 2353 328 2413 beiectore
344 2354 520 2413 moliuntur.
539 2353 642 2427 Neque
662 2350 742 2411 certe
762 2360 951 2429 peterentur,
968 2352 992 2411 si
1005 2361 1122 2429 possent
1140 2363 1193 2414 out

185 2437 366 2516 Religionem
385 2446 436 2498 ont
457 2437 567 2514 rugiam
587 2434 678 2495 ullam
705 2443 877 2514 potestatem
899 2452 1058 2513 superesse.

224 2564 356 2624 Actania
369 2571 413 2622 est
431 2559 585 2621 hominum
606 2561 863 2622 callidissimorum
884 2561 990 2620 astutio
1007 2605 1015 2629 ‚
1038 2570 1094 2634 ut,
1120 2562 1191 2625 cim

186 2647 312 2708 maximi
342 2646 480 2707 videntur
502 2655 606 2706 vestroe
635 2647 787 2724 potestatis
810 2643 1028 2723 amplificationi
1051 2646 1191 2716 studere,

186 2742 251 2791 tom
273 2731 335 2808 ejus
353 2731 534 2793 eversionem
554 2733 700 2808 precipue
721 2737 862 2808 spectent.
879 2731 991 2790 Docent
1005 2729 1047 2789 illi
1069 2729 1192 2807 quidem

186 2816 356 2892 permulto,
373 2825 406 2875 ut
426 2815 583 2886 suadeant,
605 2824 734 2874 nostrum
750 2822 780 2873 et
794 2812 1004 2891 Episcoporum
1017 2821 1193 2890 potestatem

187 2898 224 2961 eb
244 2900 279 2959 iis
299 2898 351 2975 qui
377 2916 479 2958 rerum
501 2899 656 2976 potiuntur
673 2896 907 2958 imminuendam
925 2904 956 2957 et
978 2892 1191 2965 debilituodom

186 2999 273 3053 esse,
296 2992 326 3042 et
352 2981 389 3041 ed
413 2998 463 3041 eos
486 2983 572 3059 plura
597 2982 797 3047 transferenda
819 2980 888 3058 jure
910 2989 974 3040 tum
1004 2980 1098 3059 exiis
1124 3001 1193 3061 quse

187 3066 308 3146 proprie
332 3072 402 3125 sunt
419 3065 583 3142 spostolicee
604 3063 694 3142 liujus
711 3064 857 3126 cuthcdrae
875 3073 906 3126 et
922 3061 1058 3127 Ecelesiee
1078 3065 1194 3147 prinei-

185 3146 281 3232 polis,
298 3158 363 3210 tum
377 3168 413 3209 ex
433 3149 469 3209 iis
491 3168 557 3227 qnae
577 3149 613 3209 od
632 3151 946 3230 Episcopospertincnt
966 3151 1017 3227 qui
1035 3151 1067 3211 in
1083 3160 1194 3210 nostros

186 3234 392 3295 sollicitudinis
404 3244 518 3313 piantem
542 3245 611 3296 sunt
630 3236 737 3295 vocati.
758 3232 869 3295 Verum
887 3234 949 3295 hoec
961 3235 1004 3294 illi
1028 3253 1088 3297 non
1102 3234 1194 3297 modii

187 3339 222 3380 ex
242 3320 395 3381 teterrimo
420 3337 480 3397 quo
497 3317 720 3380 inflammentur
737 3320 767 3380 in
782 3319 965 3397 Religionem
982 3319 1068 3391 odio,
1089 3320 1140 3380 sed
1155 3338 1193 3382 co

186 3406 277 3464 etiem
299 3404 420 3464 consilio
444 3403 578 3475 docent,
604 3403 686 3483 quod
710 3411 830 3482 sperent
859 3403 922 3464 lore
947 3410 981 3463 ut
1003 3412 1103 3483 gentes
1126 3422 1196 3482 qum

188 3495 286 3547 restro
314 3486 438 3564 imperio
460 3486 684 3562 subjiciuntur,
706 3488 730 3546 si
744 3485 820 3548 torti
831 3487 1009 3566 perspicient
1024 3487 1118 3547 everti
1132 3497 1196 3547 tor·

188 3569 284 3628 minos
305 3588 379 3648 quos
402 3567 548 3629 derebus
569 3569 658 3630 sacris
683 3569 816 3631 Christus
840 3581 870 3632 ct
893 3570 1017 3632 Ecclesia
1037 3570 1073 3629 ab
1090 3588 1126 3631 eo
1145 3571 1197 3630 in·

146 3694 154 3705 .
189 3650 291 3713 scitote
321 3652 560 3730 constituerunt,
589 3651 673 3719 lucili
700 3652 755 3718 luoc
785 3654 920 3734 exemplo
944 3653 1127 3718 adducentur
1156 3654 1196 3714 nit
