2642 4150
442 144 670 223 Pars'semenda.
686 160 785 242 Caput
796 165 825 224 1.
1096 168 1135 227 ib

127 262 327 340 celebrandis,
344 256 589 346 quemadmodum
614 256 744 323 locorum
759 262 1001 336 consuetudines,
1017 262 1064 326 uel
1080 266 1137 346 Sp·

126 352 248 419 emata
272 348 537 429 statutoeaipunt,
555 343 693 427 eollipene
706 346 832 422 masas,
844 352 957 409 renutu
975 348 1033 419 eibi
1051 357 1138 430 porte

127 438 298 504 eurunedem
309 433 620 513 elemosynariam
634 430 850 512 stipendiorum
865 441 1064 514 acceptorum,
1077 435 1139 495 siue

127 524 253 601 ebidem,
275 525 337 584 siue
354 518 430 581 alibi
441 563 450 590 ,
474 516 526 579 ubi
550 535 607 599 pro
629 515 730 578 missis
750 514 929 580 celebrandis
945 517 1064 580 mmai
1084 517 1140 580 sti·

127 608 238 691 pendia
253 625 305 669 sen
318 604 507 683 eleemosyna
522 601 713 672 tribuuntur,
736 598 877 663 celebrari
893 600 1013 683 facud,
1028 599 1138 665 laicum

128 691 246 773 quidem
257 708 309 753 seu
324 684 496 751 secularem
511 730 519 757 ,
534 694 643 764 prater
656 684 736 748 aliae
753 686 878 749 arbitrio
890 695 984 749 uestro
1000 689 1139 769 immon-

127 778 185 840 dus
201 793 321 858 panas,
345 769 657 834 eacmumnnicationis
669 784 808 851 paenam,
830 768 968 832 clerimnn
987 773 1056 833 verb
1076 770 1139 832 nbc

127 875 336 944 quemeumque
349 854 526 919 sacerdotem
539 874 658 936 paenam
670 854 872 936 suspensionis
883 856 948 938 ipro
956 856 1035 937 [aeto
1042 859 1138 919 incru-

127 946 247 1023 receti
266 942 376 1024 quibus
395 935 499 1001 nullm
511 957 565 1019 per
584 936 695 1014 aliam,
715 942 805 1019 qudm
822 958 879 1020 per
891 958 946 1002 nos
964 943 1043 1020 ipsos
1053 985 1064 1017 ,
1085 958 1138 1001 seu

127 1033 296 1092 Raraunum
310 1023 486 1105 Pontificem
496 1043 552 1105 pra
567 1031 694 1106 tempore
711 1025 900 1098 existentem,
916 1023 977 1087 nisi
988 1024 1021 1086 in
1033 1025 1138 1088 martis

128 1111 255 1174 articulo
277 1112 471 1186 constitutus,
491 1108 605 1171 absolui
620 1113 724 1190 possit.
738 1112 812 1170 Fore
832 1119 931 1172 autem
952 1113 984 1172 in
1009 1112 1138 1171 Domino

130 1197 304 1259 confidimus
317 1243 325 1268 ‚
336 1206 371 1257 ut
384 1196 589 1272 unusquisque
601 1212 716 1255 memor
736 1195 912 1256 conditionis
924 1214 1004 1270 suae,
1018 1194 1139 1275 posthae

128 1281 207 1345 bene
226 1283 392 1342 consultum
422 1281 494 1341 velit
516 1280 623 1340 animm
644 1298 726 1355 suae,
751 1299 805 1340 nec
822 1290 883 1341 tum
905 1282 1046 1342 salutares
1060 1282 1138 1360 leges

129 1384 327 1444 censurasque
340 1365 544 1425 ecclesiasticas
560 1364 765 1443 parvipendat.
778 1367 893 1425 lntcrea
906 1365 1138 1426 fraternitatibus

106 1456 110 1461 ’
129 1448 239 1511 vestris
247 1450 675 1528 apostolieamBencdictioncm
684 1449 714 1508 in
723 1450 848 1526 populos
855 1451 1139 1509 etiamcuraeuestrse

133 1535 304 1596 commissos
323 1535 550 1595 redundaturum
577 1540 765 1612 peramanter
785 1534 985 1611 impertimur.
995 1533 1139 1594 Volumus

131 1627 256 1692 autem,
280 1627 312 1678 ut
318 1621 505 1698 presentium
521 1620 688 1679 litterarum
704 1618 896 1697 transumptis
904 1620 966 1677 sive
975 1618 1134 1697 exemplis,

128 1704 221 1764 ctiam
230 1703 389 1782 impressis,
398 1722 487 1763 manu
498 1702 621 1780 aiicujus
636 1704 743 1765 notarii
752 1704 862 1781 publici
876 1703 1058 1783 subscriptis,
1067 1703 1138 1764 etsi·

128 1788 377 1867 gitlopersonaein
385 1789 897 1867 ecclesiasticadignitatecenstitutm
904 1790 1026 1849 munitis
1035 1788 1137 1849 mem

130 1871 252 1952 prorsuis
269 1873 341 1934 fides
357 1873 533 1949 injudicio,
547 1881 578 1933 et
591 1872 672 1934 extri
691 1873 883 1945 adhibeatur,
900 1892 966 1951 quae
982 1873 1138 1935 adhibere·

130 1967 185 2018 tur
201 1956 269 2035 ipsis
286 1959 497 2036 praesentibus,
515 1959 539 2019 si
552 1959 651 2019 iurent
660 1958 798 2023 exhibitae
808 2002 816 2029 ‚
826 1959 874 2018 vel
886 1967 1018 2018 ostensae.
1028 1960 1137 2019 Datum

129 2043 232 2104 noma
243 2045 322 2123 apud
334 2053 466 2105 sanctam
479 2045 603 2128 idacium
621 2044 762 2123 Maiorem
777 2045 834 2105 sub
850 2043 961 2117 annulo
984 2043 1138 2106 Pismloris

128 2127 179 2189 die
203 2130 353 2207 trigesimi
368 2131 583 2191 mensiu‘lnnii
604 2149 682 2190 anno
698 2131 856 2191 millesimo
879 2130 1137 2208 septingentesimo

129 2212 355 2294 quadragesimo
368 2215 484 2294 primo,
507 2216 699 2277 Pontificatirs
711 2217 810 2298 nostri
834 2232 912 2276 anno
930 2215 1040 2294 prima.

408 2420 582 2482 aristote
604 2420 809 2484 ENCYCLICA
827 2421 865 2480 V.

177 2613 357 2660 §uomuisse
373 2614 560 2670 renotatam,
577 2616 611 2656 ΕΤ
627 2614 830 2668 CONVENTUALi·
849 2616 914 2658 ttett
929 2617 965 2658 DE
981 2614 1086 2656 DlVlNAE

492 2698 656 2743 usitatorum
676 2697 779 2739 canta.

127 2825 221 2970 Cn!-
232 2908 349 2969 sempcr
364 2891 477 2953 oblatas
494 2893 753 2955 nobisoceasioncs
766 2890 929 2970 Apostolica
947 2892 1054 2971 scripta
1066 2890 1140 2956 diri·

126 2972 220 3051 gcndi
240 2975 277 3035 ad
291 2978 502 3038 Fraternitatee
523 2986 633 3036 vestras
653 2978 782 3038 libenter
794 2978 1020 3054 amplectimur,
1033 2980 1140 3041 utsin·

127 3074 204 3118 certe
225 3070 334 3121 nostroe
355 3079 424 3140 erga
444 3080 496 3122 vos
512 3061 679 3122 dilectionis
697 3072 870 3141 argumenta
890 3066 1142 3142 frequentaretur

125 3150 214 3202 ceant
225 3142 311 3221 3ti1m
326 3144 398 3205 verb
420 3144 527 3222 majori
547 3147 639 3206 animi
653 3147 942 3227 alacritateidipsum
955 3159 1128 3228 praestemus

125 3241 222 3302 quum
243 3228 279 3288 ad
308 3230 496 3289 excitandum
526 3231 755 3293 Fraternitetum
774 3242 939 3302 vestrarum
965 3236 1061 3298 uelum
1084 3251 1139 3310 pro

127 3314 352 3373 conservatione
370 3324 458 3375 rectae
471 3315 633 3394 disciplinae
649 3318 681 3394 in
699 3318 777 3379 clero
795 3319 932 3396 regimini
949 3323 1047 3379 vestro
1058 3333 1140 3383 come

126 3396 242 3471 misso,
268 3399 464 3477 praesentibus
489 3418 612 3475 rerum,
642 3411 693 3461 eut
724 3411 893 3481 temporum
921 3397 1140 3463 conditionibus

126 3495 364 3543 commovemur.
400 3485 460 3560 Nec
490 3485 570 3544 enim
601 3487 775 3565 impositum
806 3486 1001 3548 imbecillitati
1031 3487 1140 3539 nostrae

128 3569 267 3631 omnium
280 3568 478 3636 Ecclesiarum
497 3572 703 3637 sollicitudinis
724 3574 900 3637 causaliter
918 3564 1063 3651 sustiniro
1085 3582 1140 3627 nos
