2642 4150
183 182 244 242 444
575 173 670 238 Index
682 178 802 238 menna.
1301 249 1302 252 Ἴ

182 298 307 361 sponsus
335 278 508 358 cognoverit
525 278 774 378 consanguineam
791 276 892 379 sponsi
915 286 983 356 poet
998 277 1196 364 dispensatio·

182 384 262 426 neni.
286 384 316 424 ιι.
332 365 419 425 4449.
441 362 520 437 Quid
546 363 570 424 si
589 361 874 440 sponsiincestuose
892 367 1016 435 coeant,
1032 373 1194 444 antequam
1302 435 1303 440 ἵ

181 449 547 549 exequatnrdispcnsatio.
557 467 592 509 ιι.
603 446 691 509 4444.
703 446 1194 545 Sisponsisintdivcrsmdioecesis‚
1302 451 1303 520 3

181 556 219 597 an
242 535 445 615 unusquisque
457 531 701 614 dispensandusb
717 532 839 611 proprio
852 534 1006 614 Episcopo
1020 554 1052 595 ιι.
1065 537 1154 597 4444.

218 635 347 718 Spurius
361 654 421 697 non
442 642 561 696 tenetur
573 633 694 694 credere
708 633 807 693 matri.
821 629 842 693 4.
855 636 884 693 4.
903 654 937 695 ιι.
953 635 1022 695 444.
1035 635 1114 720 Quid
1127 655 1195 715 pos

181 724 329 802 sitpctere
342 719 359 780 4
372 728 475 799 patre,
493 727 525 780 et
542 727 649 782 matre.
667 737 699 780 ιι.
711 721 780 779 954.
798 718 827 778 Si
843 728 927 796 pater
949 721 1101 800 relinquat
1116 722 1193 784 bonu

182 807 286 877 alteri,
303 805 448 866 nttradat
463 803 576 882 spurio
591 821 623 862 ιι.
635 804 704 863 454.
720 800 994 883 Videliicpitnnus.

182 900 381 958 Stotntum.
406 899 453 958 Αιι
468 895 601 973 religiosi
620 903 778 956 teneantur
805 893 842 955 ad
860 914 936 955 nova
959 902 1093 960 statuto‘t
1118 897 1139 959 4
1159 902 1189 962 4.

181 999 264 1052 num.
277 983 328 1042 45.
1157 1013 1162 1022 ·

217 1080 587 1157 Smiiiitosensitcausa‚
597 1081 815 1144 utremittatnr
827 1080 985 1164 pensioti.
997 1085 1028 1144 4.
1038 1105 1072 1147 ιι.
1087 1088 1156 1149 844).

218 1166 405 1249 Stipendium
418 1187 455 1229 an
470 1169 561 1246 possit
572 1166 660 1247 petia
677 1169 788 1230 famulo
807 1169 986 1231 conducto
963 1186 988 1229 si
1006 1169 1190 1234 discedattd.

180 1261 210 1321 4.
224 1276 256 1316 ιι.
268 1255 337 1314 544.
362 1255 408 1315 dn
425 1257 524 1333 elapso
540 1252 694 1316 triennio?
716 1272 748 1314 ιι.
772 1255 841 1316 547.
860 1255 891 1314 Si
906 1253 1033 1315 tumulus
1050 1257 1194 1320 inserviat
1304 1251 1305 1254 '

181 1343 265 1404 nullo
285 1348 396 1399 statuto
414 1340 574 1418 stipendio.
600 1359 633 1400 ιι.
655 1339 724 1400 548.
749 1340 795 1401 An
816 1339 907 1419 possit
923 1338 980 1400 sibi
1001 1359 1194 1421 compensare

180 1427 429 1506 stipendinmtn.
441 1427 509 1486 549.
526 1427 571 1486 An
586 1423 729 1484 debentur
740 1425 919 1505 stipendium
932 1427 1043 1487 samnio
1058 1427 1192 1506 egroto,

180 1524 231 1574 ant
243 1529 378 1592 expensor
389 1511 573 1571 curationis?
588 1508 609 1570 4.
622 1512 652 1571 4.
674 1530 707 1571 ιι.
725 1511 794 1572 844.
813 1512 1000 1588 Stipendium
1011 1513 1155 1576 adrorati.
1166 1513 1189 1577 4.

181 1599 209 1659 5.
221 1617 253 1657 ιι.
271 1600 329 1660 444
339 1604 368 1657 et
387 1598 456 1657 444.
471 1595 659 1674 Stipendium
682 1598 890 1674 procuratoris.
911 1617 942 1658 ιι.
963 1599 1031 1660 455.
1046 1601 1192 1666 Sacerdos
1305 1661 1306 1672 ,

180 1682 331 1744 celebrans
354 1680 393 1742 ob
415 1680 598 1758 stipendium
619 1682 714 1742 missae
730 1689 787 1742 cte.
812 1679 865 1742 tib.
892 1684 922 1746 4.
947 1701 1027 1743 num.
1052 1686 1100 1743 45.
1127 1686 1193 1748 Sti·

180 1767 324 1847 pendium
349 1768 470 1835 missac,
493 1765 561 1827 ride
580 1763 603 1825 4.
632 1769 663 1825 44.
690 1785 774 1826 ιιιιιιι.
805 1768 862 1827 544
882 1765 924 1828 od
952 1769 1018 1828 555.
1045 1768 1192 1830 Sacerdos

179 1854 319 1913 differens
332 1852 572 1911 celebrationem.
585 1868 617 1911 ιι.
627 1852 695 1910 547.
710 1851 768 1924 Qec.
780 1853 824 1911 11.
839 1851 916 1923 Quid
926 1853 949 1910 si
963 1853 1057 1918 missae
1068 1853 1193 1914 tradan-

179 1937 455 1998 tnrcommunitnti.
470 1934 511 1997 44.
523 1955 550 1995 υ.
564 1935 709 1996 Advertit.
724 1936 816 2014 Aque
826 1946 856 1996 ct
869 1937 1017 2008 quomodo
1028 1938 1192 1999 taxandum

178 2022 370 2102 stipendium.
384 2040 417 2082 ιι.
436 2023 493 2083 519
505 2030 533 2081 et
543 2023 610 2084 540.
626 2022 671 2082 An
685 2019 770 2082 licoat
783 2022 887 2100 pacisci
911 2021 948 2082 de
961 2022 1129 2100 stipendio?
1146 2022 1189 2086 ib.

178 2107 259 2169 Dnb.
273 2109 303 2168 4.
312 2109 379 2168 Non
387 2108 455 2167 licet
465 2107 595 2169 retinere
604 2116 718 2186 partem
734 2107 882 2186 stipendii.
897 2125 929 2167 ιι.
943 2108 1012 2168 544.
1024 2108 1082 2181 Qui
1092 2118 1191 2170 tamen

178 2189 1192 2353 4444314ῃῖ’4444444444ξὲἰιῖθῗίιὶἶθῖὼιιῖἓξῗιιὲῗιῗιῗίιῖ

178 2378 325 2438 mosynas.
344 2356 424 2423 Dnb.
441 2360 469 2417 5.
489 2360 534 2418 An
549 2357 661 2436 possint
683 2360 859 2419 commutari
881 2359 976 2418 missae
995 2359 1116 2436 majoris
1135 2363 1193 2423 sti·
1284 2424 1288 2431 ,

178 2444 284 2591 plcndii
293 2462 419 2590 ιδιιιέλ.5
382 2443 478 2504 missis
499 2441 738 2505 minoristlinb.
766 2443 796 2504 4.
812 2446 855 2505 De
871 2442 1110 2507 administratore
1133 2447 1192 2507 Ec·

178 2546 234 2588 ce
238 2549 273 2590 ιιι
329 2549 347 2589 ιι

217 2604 262 2684 Dc
284 2622 463 2703 obligatione
486 2622 686 2693 beneficiarii.
705 2630 735 2683 ct
748 2622 867 2702 parochi
887 2623 1053 2702 applicandi
1074 2626 1190 2687 missas.

19 2696 20 2703 ἵ
51 2682 56 2689 ’
178 2705 202 2769 4.
214 2711 277 2769 dn.
291 2710 358 2768 545.
367 2706 487 2770 444546.
502 2711 545 2768 De
559 2709 653 2767 missis
666 2707 773 2767 ιοιίιῐι
786 2708 1005 2786 substipendio.
1019 2727 1050 2766 ιι.
1067 2710 1134 2770 547.
1144 2712 1193 2770 Dc

181 2794 246 2856 loro
260 2802 289 2853 ct
307 2804 439 2871 tompore
453 2794 604 2869 designato
615 2791 630 2851 4
643 2792 812 2853 fundatore.
834 2812 865 2851 ιι.
881 2793 949 2852 548.
964 2791 1084 2864 Quid
1061 2811 1085 2852 si
1104 2794 1195 2872 Epis-

180 2897 270 2957 copus
282 2877 440 2956 dispenset.
457 2897 489 2938 n.
505 2878 572 2937 549.
589 2877 633 2935 Dc
652 2876 832 2955 obligatione
845 2877 985 2954 capellani
999 2875 1193 2955 celebrandi,

179 2972 209 3024 ct
228 2980 281 3042 per
302 2965 442 3040 s.eipsnm
468 2982 502 3022 ιι.
526 2963 594 3022 559.
618 2961 664 3021 Αιι
683 2963 775 3039 posit
788 2961 1119 3038 aliqnando'omittere
1140 2963 1195 3022 vel

178 3048 326 3110 celebrare
336 3066 389 3126 pro
402 3045 587 3124 conjunctis,
600 3055 657 3105 etc.
660 3049 675 3103 t
690 3065 721 3104 ιι.
737 3047 806 3106 554.
823 3046 868 3106 An
881 3047 913 3107 4ιι
923 3046 1194 3108 dicdcinnctorum

178 3132 369 3215 possitaccipi
382 3132 562 3212 stipendium
575 3136 591 3191 7
604 3150 634 3191 ιι.
650 3132 719 3192 558.

218 3233 404 3313 Stipendium
417 3234 662 3295 confessariorum
677 3233 864 3294 monialium.
876 3227 899 3292 4.
914 3234 979 3294 tin.
992 3234 1093 3294 477
1075 3251 1105 3303 n.
1114 3233 1192 3296 Not.

179 3320 207 3380 4.
227 3322 273 3379 An
290 3327 389 3378 antem
411 3316 641 3396 neo-Pncsbyter
660 3320 751 3397 possit
779 3317 960 3397 stipendium
981 3320 1113 3396 accipere
1133 3336 1195 3397 pro

178 3394 274 3464 drinio
295 3405 381 3464 missa
398 3421 488 3482 quam
510 3403 637 3464 celebrat
659 3419 728 3463 cunr
751 3405 918 3485 Episcopo?
939 3421 971 3462 ιι.
997 3404 1066 3464 849.
1083 3420 1113 3462 υ.
1138 3404 1192 3464 An

178 3495 286 3554 eastern.

216 3573 295 3666 stein
309 3596 346 3638 an
367 3581 537 3657 inquiratur
552 3582 583 3642 in
595 3597 682 3644 sacen
676 3579 745 3643 loto
761 3583 811 3659 qni
829 3582 1023 3643 comnnmieut
1037 3598 1120 3642 more
1132 3581 1191 3643 ini·
1192 3642 1197 3647 .
