2642 4150
473 189 551 249 Pasa
567 184 704 248 saeuum.
720 183 819 265 Caput
829 185 877 246 ll.
1112 190 1168 253 tes

162 287 382 371 pelitieietiam
408 286 561 366 regiminis
582 285 709 347 sormam
732 281 949 346 immutandam
968 291 1000 347 et
1016 285 1170 351 destruen-

159 377 239 437 dum.
331 423 334 430 i
699 389 703 398 '¹
1044 425 1047 430 «

199 460 262 521 Vos
279 458 370 520 etiam
388 472 492 519 omues
503 473 545 526 ‚o
563 453 662 515 dilecti
683 454 757 530 tilii,
776 455 829 533 qui
850 451 1023 517 catluolimm
1041 456 1170 534 Religio·

162 560 234 605 nem
246 541 451 620 profitemini,
471 539 613 619 peculiari
632 539 766 604 oratione
783 547 813 599 et
827 538 1043 601 hortationibus
1062 542 1171 602 nestris

163 627 347 703 respicimus.
363 625 528 695 Homines,
552 622 604 700 qui
630 631 748 701 ponunt
773 624 869 683 lucem
892 622 1047 701 tenebras,
1070 633 1102 686 ct
1125 632 1170 685 te·

164 710 271 772 nebras
298 710 422 780 lucem,
456 706 579 768 omnind
601 708 720 767 evitate.
746 708 817 782 Quae
842 706 921 768 enim
944 707 1008 769 veri
1040 709 1171 769 nominis

163 796 276 857 utilitas
293 795 402 856 exoriri
416 793 499 855 vobis
513 794 622 872 poterit
632 811 669 854 cx
681 793 885 871 conjunctione
896 812 964 854 cum
979 792 1168 864 hominibus,

164 879 215 956 qui
225 878 340 940 nullam
349 879 424 950 uei,
438 878 550 939 nullam
560 875 767 938 sublimiorum
778 895 1031 956 quorumcumque
1042 887 1170 959 potesta·

163 972 228 1022 tum
242 964 389 1023 rationem
407 960 573 1022 habendum
585 969 711 1040 putant,
732 961 784 1039 qui
801 979 853 1040 per
868 960 987 1022 insidias
1007 972 1037 1024 et
1051 964 1170 1024 elauris·

163 1044 256 1106 larius
274 1054 437 1107 cenventus
458 1045 570 1107 bellum
589 1045 649 1105 illis
669 1044 775 1106 offerre
792 1054 960 1117 conantur,
974 1048 1102 1127 quique,
1114 1051 1168 1109 etsi

165 1130 199 1189 in
216 1128 280 1189 loro
299 1137 329 1188 ct
350 1129 462 1209 ubique
484 1130 611 1190 clament
628 1147 660 1190 se
688 1129 797 1209 publici
821 1129 954 1190 Ecclesiae
975 1140 1006 1191 ct
1026 1132 1170 1193 societatis

166 1210 238 1271 beni
262 1213 478 1274 amantissimos
491 1231 573 1290 esse,
593 1222 692 1273 tamen
716 1212 928 1310 univepsissuis
940 1214 1027 1292 gestis
1042 1213 1105 1293 jam
1123 1217 1171 1276 de·

165 1294 316 1356 elnrarunt
338 1298 435 1357 emnia
456 1297 651 1374 perturbare,
669 1300 768 1357 omnia
789 1304 922 1357 euertere
945 1297 1030 1358 velle.
1054 1299 1134 1362 Sunt
1147 1301 1169 1362 ii

163 1377 288 1456 quidem
307 1378 342 1438 iis
358 1378 529 1442 homiuibus
551 1381 687 1453 similes,
712 1380 820 1457 quibus
842 1397 897 1440 nee
916 1378 1085 1458 hospitium
1097 1383 1170 1444 dau·

165 1463 262 1531 dum,
279 1479 333 1522 nee
344 1461 499 1525 dicendum
516 1467 576 1526 Aue
588 1463 675 1541 jubet
686 1463 955 1525 icunuessecnuda
967 1481 1019 1523 sna
1030 1467 1170 1542 epistota,

168 1561 235 1622 cap.
259 1544 317 1618 X.,
339 1554 369 1606 ct
391 1565 463 1626 ques
484 1548 700 1627 primogenitos
734 1546 843 1608 diaboli
869 1547 1017 1625 appellare
1047 1547 1172 1626 nrnjcrcs

165 1628 263 1689 nostri
289 1647 348 1689 nou
367 1631 552 1692 dubitarunt.
571 1634 677 1693 Cavete
695 1633 787 1710 igitur
806 1631 843 1690 ab
860 1649 964 1692 corum
981 1630 1130 1693 blanditiis
1141 1642 1173 1693 et

163 1711 287 1773 mellitis
301 1715 507 1789 sermonibus,
522 1718 630 1794 quibus
647 1716 731 1778 vebis
750 1715 935 1790 suadebunt,
948 1726 981 1777 ut
994 1735 1102 1779 nomen
1114 1717 1172 1782 illis

164 1798 253 1856 sectis
276 1796 353 1859 detis
373 1800 482 1877 quibus
503 1801 559 1877 ipsi
580 1800 719 1879 adscripti
740 1810 821 1861 suut.
851 1802 908 1861 Pro
936 1810 1016 1862 certo
1042 1800 1169 1874 habete,

164 1880 318 1941 neminem
342 1900 445 1943 carum
466 1885 638 1963 participem
653 1895 799 1946 sectarum
818 1902 880 1945 esse
897 1904 999 1963 posse,
1015 1887 1088 1964 quin
1104 1905 1172 1966 gra·

164 1964 278 2023 nissimi
304 1963 407 2044 flagitii
423 1986 490 2030 reus
503 1968 563 2028 sit:
579 1987 741 2048 eorumque
765 1972 854 2031 verbo
874 1969 911 2029 ab
929 1968 1049 2030 auribus
1067 1971 1172 2031 uestris

163 2047 320 2126 repellite,
336 2050 410 2129 qui,
429 2061 463 2112 ut
480 2060 585 2119 vestre
603 2054 633 2114 in
653 2055 761 2132 gradus
784 2073 905 2115 suorum
929 2062 1074 2114 sectarum
1098 2053 1173 2114 inle-

163 2134 261 2193 riores
279 2136 455 2213 cooptationi
471 2138 671 2198 assentiamini
680 2183 691 2214 ,
708 2138 898 2200 uehementer
915 2138 1080 2207 affirmant,
1098 2137 1172 2199 nibil

163 2218 200 2277 in
212 2216 356 2292 gradibus
371 2221 430 2280 illis
450 2221 565 2282 admitti
583 2223 662 2300 quud
683 2224 815 2295 rationi3
838 2222 913 2284 nihil
931 2222 1011 2301 quod
1028 2223 1172 2305 Religioni

162 2299 357 2376 adversetur,
381 2304 443 2366 imb
459 2303 533 2366 nibil
550 2307 701 2385 praedicari
722 2309 768 2369 vel
793 2307 894 2388 perfici
909 2353 919 2381 ‚
935 2305 1014 2387 quod
1033 2325 1093 2370 nou
1112 2325 1174 2368 sen·

164 2392 273 2457 ctum,
295 2385 376 2463 quod
398 2405 459 2448 nun
480 2398 618 2462 rectum,
640 2391 720 2469 qued
751 2411 822 2455 uon
838 2393 1101 2454 incontaminatum
1123 2392 1172 2452 sit.

162 2469 285 2529 Etenim
295 2468 502 2547 jusjurandum
529 2475 605 2536 illud
623 2477 767 2536 nefarium
791 2476 870 2554 quod
892 2475 955 2552 jem
979 2484 1174 2536 memoratum

164 2560 240 2625 cst,
265 2555 404 2634 quodque
416 2558 452 2623 ‚in
471 2559 522 2620 illa
547 2560 637 2620 etiam
659 2559 793 2618 infcriori
812 2558 996 2635 coaptatione
1012 2557 1106 2633 jurari
1121 2556 1174 2616 de-

164 2634 245 2707 bet,
261 2639 331 2699 satis
352 2658 406 2718 per
428 2660 459 2703 se
480 2651 551 2715 est,
572 2649 606 2703 ut
626 2641 821 2718 intelligatis,
844 2641 924 2700 netas
947 2641 1036 2699 etiam
1054 2656 1115 2699 csse
1132 2638 1175 2699 le-

163 2718 301 2780 vioribus
318 2724 379 2784 illis
390 2726 530 2804 gradibus
552 2724 679 2788 adscribi
697 2732 785 2802 atque
802 2724 834 2784 iu
855 2723 892 2782 iis
908 2724 1030 2782 uersari.
1043 2722 1173 2793 Deinde,

163 2805 303 2879 quamuis
323 2826 390 2885 qum
403 2812 538 2889 graviora
561 2820 592 2873 et
609 2810 775 2871 scelestiora
798 2816 884 2880 stunt,
907 2807 944 2867 iis
964 2808 1096 2869 mandari
1114 2826 1173 2868 nou

164 2886 302 2962 soleant,
321 2893 374 2970 qui
391 2896 557 2974 superiores
570 2895 680 2976 gradum
698 2894 820 2954 assecuti
841 2911 902 2954 non
921 2900 1010 2970 sunt3
1024 2891 1174 2973 perspicue

166 2977 269 3032 tamen
293 2985 397 3052 patet,
421 2980 736 3056 perniciosissimarum
761 2978 866 3039 barum
881 2978 1048 3040 societatem
1069 2981 1131 3041 sim
1144 2988 1175 3041 et

164 3052 318 3117 audaciam
340 3078 377 3121 ex
398 3064 533 3124 omnium
550 3064 602 3143 qui
630 3064 667 3124 iis
685 3079 795 3125 nomen
812 3061 959 3124 dederunt
986 3066 1175 3127 consensione

166 3145 200 3197 et
220 3141 413 3206 multitudine
439 3148 609 3209 coalescere.
636 3150 739 3225 ltaque
763 3147 784 3207 ii
808 3149 920 3220 etiam,
941 3150 993 3226 qui
1020 3149 1174 3211 inferiores

167 3219 355 3302 illosgrudus
365 3247 424 3290 non
438 3240 508 3292 sunt
522 3231 874 3310 praetergressiscelerum
885 3233 1004 3293 illorum
1018 3234 1173 3311 participes

167 3303 271 3400 treberi
283 3309 403 3375 debent.
417 3316 453 3375 Et
465 3316 495 3375 in
505 3333 555 3376 ces
569 3317 648 3377 eadit
658 3315 733 3376 illud
751 3317 882 3394 Apostoli
894 3317 931 3378 ad
943 3319 1030 3378 ilem.
1040 3332 1103 3391 cap.
1116 3317 1146 3373 l.
1162 3334 1171 3371 ε

171 3387 233 3460 Qut
254 3392 329 3456 tutia
346 3405 441 3477 optent
464 3397 551 3481 opes·
567 3408 638 3462 suut
661 3407 754 3461 morte
774 3423 785 3460 .·
807 3407 919 3462 ctuon
948 3397 1044 3461 sutrim
1063 3394 1118 3474 qui
1140 3411 1199 3469 eo,

168 3480 309 3560 luriunt,
329 3482 483 3544 sedetiam
498 3482 553 3566 qui
571 3484 756 3547 ccttseutittut
778 3482 965 3563 facientibus.
1017 3560 1024 3573 ο
1049 3535 1052 3540 .

157 3608 162 3613 -
210 3562 469 3642 l’estrcmb,ecs,
490 3568 629 3647 quietim
655 3566 718 3646 iem
746 3576 842 3649 essem
865 3564 1047 3635 illuminate,
1070 3568 1101 3623 et
1121 3579 1176 3640 gu-
