2642 4150
432 213 529 275 Pars
538 210 675 274 saeuam.
687 211 795 294 caput.
809 214 855 275 ll.
1088 216 1146 277 tto

132 319 241 383 audeat
257 316 307 377 ael
328 320 489 393 praesumat
501 309 672 412 praedictam
691 313 859 375 societatem
877 312 1145 388 Carbones-iorem,

134 413 187 464 aut
208 402 281 463 aliis
305 404 507 477 nuncupatam
527 397 621 473 inire,
641 397 690 459 vel
714 416 894 478 propagare,
918 400 1093 474 contovere,
1112 420 1147 463 ae

133 490 167 557 in
184 487 248 548 suis
269 482 383 545 uadibus
400 499 451 541 seu
472 480 609 542 domibus
621 482 669 542 vel
683 482 753 543 alibi
772 492 922 562 receptare
939 493 1028 563 atqua
1049 485 1147 547 oeeul·

132 581 216 646 tare,
241 569 284 630 illi
301 577 331 629 et
343 568 518 644 cuicumque
534 565 598 643 eJ'us
616 567 721 646 gradui
737 566 885 639 adscribi,
904 570 1080 648 aggregari,
1094 577 1146 630 aut

133 658 277 719 interesse
292 654 340 714 vol
353 657 528 731 potestatem
544 668 596 710 seu
615 650 854 713 commoditatem
868 654 962 714 lucere
983 663 1017 715 ut
1036 653 1143 716 alieubi

135 747 338 810 eanu‚occtur
349 736 446 797 eidem
464 729 762 812 aliquidmir'ristrare,
770 736 1086 811 saualibsconsilium,
1096 755 1145 797 ou·

135 823 456 898 xilium,rcliavorcm
466 820 1141 899 patamautinoeculaadireatvetindirecte,

135 910 281 993 persevcl
289 907 423 988 paralios
431 923 550 984 quoquo
558 904 645 966 modo
654 916 859 984 praestare,nec
869 929 929 971 non
941 910 1141 979 eliosbortari,

135 995 301 1066 inducere,
323 1008 505 1085 provocare,
529 1007 562 1049 ac
590 990 733 1062 suadere,
755 1001 789 1053 ut
811 991 980 1071 hujusmodi
1012 994 1141 1057 societati

138 1088 192 1142 aut
205 1078 378 1152 cuicumque
389 1071 520 1150 ejusdcm
537 1073 641 1152 gradui
654 1075 876 1149 adscribantur,
890 1086 1142 1148 annumerentur,

140 1171 195 1223 aut
214 1161 373 1234 intersint,
394 1157 476 1217 vcl
467 1176 558 1236 rpsam
582 1159 804 1256 quomodolibet
821 1161 930 1239 J’uvent
951 1181 985 1223 ae
1005 1162 1143 1232 foveant,

138 1248 190 1309 sed
212 1243 334 1307 omnini)
358 1243 395 1302 ab
411 1241 512 1303 eadem
531 1241 668 1301 socictate
687 1241 808 1322 ejusque
828 1247 968 1318 caetibus,
992 1244 1142 1308 conventi·

137 1332 216 1402 bus,
242 1325 526 1407 aggregationibus,
540 1343 591 1385 scu
616 1329 827 1388 conventiculis
847 1329 973 1427 ’prorsuis
996 1331 1143 1392 abstinere

137 1435 171 1477 sc
191 1414 338 1486 debeant,
364 1411 418 1470 sub
448 1428 535 1488 paena
542 1413 870 1472 excommunicationis
892 1431 947 1491 per
984 1432 1085 1475 omnes
1109 1421 1145 1474 ut

140 1516 235 1576 supra
257 1495 518 1556 contrafacientes
510 1510 574 1573 apso
594 1495 670 1553 laeto
683 1493 793 1572 absque
813 1496 872 1555 ulla
897 1496 1144 1557 declarationem·

139 1583 308 1654 comenda,
319 1580 404 1658 iqua
419 1596 507 1640 nemo
522 1597 575 1657 per
590 1596 791 1657 quemquam,
807 1581 864 1643 nisi
884 1600 1005 1660 pernas
1022 1600 1073 1642 seu
1087 1583 1145 1642 lto·

138 1684 263 1729 monum
276 1625 446 1726 antidccm
471 1681 525 1741 pro
538 1672 671 1742 tempore
690 1664 884 1738 existentem,
903 1675 1099 1745 praeterquam
1111 1665 1143 1725 in

137 1743 265 1811 articulo
285 1750 388 1810 mortis
406 1747 605 1821 constitutus,
632 1745 826 1810 absolutionis
846 1709 1024 1813 bdneticium
1047 1751 1144 1813 valeat

137 1835 283 1896 obtinere

176 1920 368 1997 Pracipimus
396 1924 537 1996 proetcrca
562 1914 700 1975 omnibus
718 1917 774 1977 sub
792 1919 895 1980 eadem
909 1920 1144 1981 excommunica·

138 2004 230 2065 tionis
260 2021 372 2085 poena,
393 2001 478 2061 nobis
502 2009 532 2061 et
557 1997 695 2059 Romanis
710 2002 901 2064 Pontificibus
931 2005 1145 2065 successoribus

137 2091 248 2151 nostris
269 2090 440 2156 reservata,
461 2094 494 2145 ut
519 2094 674 2146 teneantur
699 2085 875 2150 denuntiare
899 2089 1068 2168 Episeopis,
1097 2088 1144 2150 ucl

138 2175 252 2234 canteris
276 2173 313 2233 ad
329 2189 403 2250 quos
422 2178 557 2249 spectat,
577 2188 627 2230 eos
650 2188 775 2244 omnes,
800 2190 875 2250 quos
903 2173 1042 2234 noverint
1075 2169 1145 2235 buie

137 2258 269 2317 societati
290 2274 399 2318 nomen
423 2254 560 2327 dedisse,
584 2255 632 2314 vel
651 2255 752 2335 aliquo
774 2258 862 2319 exiis
884 2256 1144 2335 criminibusque

138 2350 369 2402 commemorata
379 2347 449 2398 sunt
463 2356 494 2398 se
508 2340 687 2417 inquinasse.

178 2423 331 2486 Postremo
344 2464 353 2497 ,
366 2432 401 2484 ut
413 2442 500 2483 onrnc
519 2423 628 2484 erroris
641 2423 806 2502 perieulum
826 2426 971 2489 efficaciis
989 2434 1142 2496 arceatur,

138 2510 315 2572 damnamus
328 2517 358 2568 ct
376 2508 584 2587 proscribimus
596 2525 699 2568 omnes
713 2509 961 2571 Carbonariorum
974 2552 982 2581 ,
997 2519 1030 2569 ut
1040 2509 1143 2585 ajunt,

139 2591 330 2655 catechismos
359 2601 390 2652 et
411 2592 522 2663 libros,
544 2592 652 2671 quibus
684 2591 701 2650 i
726 2592 917 2655 carbonariis
938 2593 1146 2651 describuntur

136 2697 209 2758 quae
225 2677 257 2738 in
268 2693 372 2737 corum
388 2677 581 2737 conventibus
599 2676 661 2753 gari
675 2676 787 2744 solent
803 2694 907 2736 corum
918 2676 1005 2735 etiam
1019 2683 1145 2747 statuta,

140 2762 282 2833 codices,
299 2779 333 2820 ac
355 2759 446 2819 libros
463 2779 566 2823 omnes
587 2760 623 2820 ad
648 2778 752 2819 corum
778 2759 976 2819 defensionem
990 2766 1144 2830 exaratos,

139 2848 206 2908 sito
224 2845 304 2925 typis
325 2842 457 2904 editos
434 2860 496 2902 save
513 2840 751 2938 manuscriptos,
773 2853 803 2903 et
819 2843 1051 2944 quibuscumque
1073 2842 1146 2904 lide·

138 2928 222 2992 libus
253 2928 309 2989 sub
329 2928 430 2989 cadem
463 2945 549 3004 poena
573 2923 693 3003 majoris
712 2930 1021 2991 excommunicationis
1043 2930 1145 2993 eodem

140 3015 234 3077 modo
258 3022 413 3074 reservatae
437 3009 630 3090 prohibemus
652 3022 831 3097 memoratos
858 3015 950 3074 libros
977 3016 1146 3080 volcarum

140 3099 271 3177 aliquem
291 3099 389 3176 legere
412 3105 464 3157 aut
484 3099 634 3170 retinere,
650 3115 684 3156 ac
703 3098 876 3160 mandamus
894 3108 929 3183 ut
949 3101 1015 3163 illos
1035 3104 1082 3165 acl
1101 3104 1145 3164 lo

140 3200 247 3244 eorum
268 3180 433 3241 ordinariis
451 3181 499 3241 vel
524 3182 609 3252 aliis,
632 3180 668 3241 ud
693 3200 767 3261 quos
787 3173 914 3245 eosdem
923 3185 1109 3265 recipiendi
1097 3204 1147 3262 Jus

139 3268 297 3345 pertinet,
317 3263 440 3326 omnino
460 3265 588 3325 trudant.

182 3351 327 3412 Volumus
348 3358 471 3420 nutem,
495 3349 575 3427 qubd
597 3352 786 3430 praesentium
800 3352 966 3414 litterarum
979 3361 1146 3415 nostrarum

143 3433 338 3512 transumptis
357 3434 447 3492 ctiam
466 3433 639 3513 impressis,
659 3455 749 3496 manu
764 3436 888 3514 alicujus
908 3438 1017 3497 notarii
1037 3431 1146 3507 publiti

137 3517 343 3614 subscriptis,
376 3526 406 3577 ct
437 3516 533 3596 sigillo
562 3538 694 3598 personae
720 3522 751 3581 in
784 3519 927 3597 dignitate
960 3512 1147 3577 ecclesiastica

143 3602 318 3663 constitutae
342 3603 488 3680 munitis,
513 3603 615 3666 eadem
631 3605 705 3667 fides
722 3602 844 3684 prorsds
872 3600 1067 3741 ιιιιίιαιεὶιιιιιι,
1058 3614 1150 3673 ‚qum
