2642 4150
168 215 227 283 ton
381 216 427 281 lle
438 231 629 280 matronalem
641 209 756 299 Positis.
768 215 908 290 derectis,
923 222 974 279 etc.

166 341 182 376 a
207 317 507 382 ctttts'otttnentom
526 320 558 380 ia
574 319 712 398 precibus
730 319 890 379 obtrudant
911 344 924 373 a
943 339 955 395 3
975 316 1095 380 domium
1107 337 1172 399 prce

164 405 257 467 oculis
276 403 438 476 habentes,
457 421 489 465 se
509 419 630 482 operam
649 420 733 463 suam
761 403 793 463 in
820 402 1017 465 ecclesiasticis
1044 406 1174 482 negotiis

164 489 197 551 in
213 488 267 549 hac
287 489 363 551 olma
386 489 467 549 Urbe
490 488 651 558 exhibere,
668 486 729 547 ubi·
745 484 882 548 cathedra
895 487 1026 548 veritatis
1042 496 1110 559 est,
1130 489 1175 568 ip·

165 590 234 635 saar
249 574 341 634 solam
369 581 489 645 ament,
511 580 542 633 et
567 579 720 633 sectentur
746 572 902 632 veritatem
921 614 930 639 ,
947 588 1008 631 nou
1028 571 1170 643 lucrum,

166 665 219 716 aut
235 658 384 735 gretiam,
405 666 436 717 et
452 656 585 717 savorem
611 655 866 734 supplicantium,
887 653 1102 733 diligenterque
1130 658 1175 717 vi·

165 739 278 812 deant,
300 759 339 802 ne
357 740 501 803 mendacii
525 749 577 800 aut
595 741 705 800 erroris
727 738 836 800 meriti
862 739 946 818 argui
972 755 1040 799 eum
1065 741 1175 802 animae

166 840 227 885 saae
245 826 426 887 detrimento
443 825 578 904 possint,
594 823 689 894 ialsd,
706 832 736 884 et
754 822 910 901 perperim
932 832 1092 883 asserentes
1107 843 1175 884 ceu-

167 925 232 981 sos,
258 928 419 989 earumque
438 908 654 989 verificationcs
673 925 709 968 ex
728 908 852 986 provido
871 916 1045 967 nostrorum
1063 908 1176 987 praedc·

164 1001 316 1055 ‘sessorum
343 995 535 1075 dispositione
557 995 589 1054 in
602 991 773 1071 hujusmodi
796 994 898 1071 gratiis
920 991 958 1053 ad
976 995 1175 1056 ecclesiasticus

167 1075 330 1157 disciplinae
351 1080 508 1158 vigorem,
532 1087 563 1138 et
585 1079 793 1138 canonicorum
815 1078 934 1154 legam,
955 1086 985 1137 ct
1001 1081 1175 1154 apostoliea·

166 1178 236 1222 rum
251 1164 502 1224 constitutionum
524 1162 706 1223 voluntatem
725 1163 900 1228 sca-roardum
919 1163 1048 1240 apponi,
1069 1172 1099 1224 et
1124 1182 1176 1223 re·

167 1247 296 1324 spectivic
324 1246 495 1308 demandari
518 1247 637 1318 solitas,
659 1263 769 1315 vanas,
791 1255 825 1306 ct
843 1246 1005 1324 superlluas
1031 1264 1112 1317 esse,
1141 1256 1177 1307 et

168 1331 320 1410 tamqulm
351 1334 453 1394 inanes
481 1331 579 1395 curiae
599 1331 790 1393 formalitatcs
822 1332 904 1410 parvi
929 1338 981 1391 out
1002 1329 1084 1392 nihili
1110 1349 1177 1392 csse

167 1414 345 1478 iaciendas·

208 1500 352 1562 Praeterca
377 1500 547 1579 hujusmodi
579 1513 683 1581 mores
709 1499 837 1573 abusus,
861 1499 970 1579 quibus
998 1497 1115 1571 houm,
1142 1508 1179 1561 et

170 1582 259 1644 decus
278 1584 369 1664 hujus
383 1588 476 1648 Almce
502 1586 590 1647 Urbis
611 1584 844 1656 dehonestatur,
864 1594 895 1645 et
913 1583 996 1644 Sedis
1011 1582 1178 1661 apostolicos

168 1669 341 1747 splendori,
360 1689 393 1732 ec
412 1672 549 1750 dignitati
574 1670 723 1742 officitur',
739 1666 858 1748 penitais
872 1670 989 1730 abolere
1001 1668 1177 1747 cupientes,

170 1760 252 1813 motu
266 1755 408 1833 proprio,
426 1773 462 1814 ex
478 1764 556 1815 certa
571 1754 717 1826 scientia,
736 1772 771 1814 oc
792 1753 831 1813 de
846 1754 1010 1833 apostolico
1025 1754 1179 1832 potestatis

169 1836 357 1915 plenitudine
370 1840 521 1918 praelatam
533 1865 545 1894 ι
557 1838 805 1901 constitutionem
813 1856 837 1898 s.
854 1857 895 1898 m.
909 1836 963 1898 Pii
967 1839 1003 1897 V.
1016 1837 1181 1916 predeces-

171 1944 185 1973 a
207 1923 280 1982 soris
293 1927 386 1984 nostri
398 1924 593 1996 extendimus,
606 1923 809 1996 dilatamus‚ac
820 1923 1010 2001 producimus
1024 1921 1061 1981 ad
1073 1927 1181 1981 omnes

172 2028 186 2058 a
208 2006 552 2089 predictosnegotiorum
564 2017 711 2089 gestures,
724 2016 940 2088 procuratores,
951 2015 981 2067 et
993 2005 1180 2086 expedituros

172 2113 187 2142 a
202 2092 370 2154 litterarum
379 2093 823 2173 apostolicorumeujuseumque
834 2092 944 2165 staltis,
959 2092 1082 2172 graduis,
1095 2090 1182 2151 ordi·

172 2198 186 2228 o
211 2177 256 2234 nis
268 2221 276 2248 ,
290 2182 321 2237 ct
336 2178 531 2254 conditionis,
553 2187 584 2240 et
602 2196 790 2257 quocumque
808 2177 946 2249 indulto,
960 2176 1133 2257 privilege,
1146 2182 1180 2235 et

170 2285 187 2314 s
210 2261 353 2339 dignitate
368 2263 514 2334 munitos,
530 2272 560 2323 et
572 2261 718 2340 quatenus
729 2281 803 2342 opus
814 2263 872 2336 sit,
884 2281 950 2323 eam
968 2262 1005 2322 de
1018 2279 1097 2323 novo
1107 2263 1182 2321 leri·

170 2368 185 2397 a
210 2362 276 2405 raras
287 2352 472 2419 ,statuimus
483 2354 513 2406 ct
527 2348 877 2424 innovamas3volcntcs,
888 2347 1132 2420 ucdeccrncntes,
1144 2354 1180 2405 ut

173 2453 187 2481 a
213 2427 245 2488 ia
255 2431 393 2491 omnibus
405 2430 540 2510 superids
553 2433 696 2510 expressis
708 2432 823 2492 casibus
841 2450 925 2512 poena
935 2433 998 2493 falsi
1011 2440 1111 2492 eontra
1122 2430 1179 2490 dc·

172 2538 186 2567 a
210 2514 375 2592 linquentes
387 2516 485 2576 locum
498 2517 615 2588 lrabeat,
628 2518 693 2576 siue
703 2516 979 2596 tamcnprocjudieio
991 2514 1180 2594 obligationis

173 2599 383 2660 »retundendi
402 2619 540 2679 expensas
564 2601 749 2672 oratoribus,
774 2603 826 2678 qui
851 2601 890 2660 ob
919 2603 1040 2660 illorum
1060 2599 1180 2678 culpem

173 2682 356 2761 »ejusmodi
381 2686 634 2764 dispensationes,
659 2704 726 2764 quae
744 2685 909 2746 executioni
928 2683 1099 2746 demandari
1125 2699 1188 2743 ne·-

173 2793 187 2822 ιι
212 2778 346 2846 queunt,
373 2770 613 2835 obstaremus

210 2855 457 2930 Deniqueomaes
471 2863 500 2914 ct
512 2856 644 2933 singulos
658 2854 843 2917 venerabiles
857 2856 973 2918 Fratres
981 2854 1183 2933 drehiepiseo·

167 2952 247 3015 pes,
262 2938 435 3014 Episcopus,
450 2947 480 2998 et
491 2939 625 2998 locorum
639 2939 830 3010 ordinarios,
845 2950 1024 3019 caeterosque
1043 2965 1056 2994 ι
1071 2943 1180 3002 Exeeu·

174 3044 188 3072 η
211 3026 290 3078 tores
304 3020 481 3080 litterarum
492 3023 718 3099 apostolicarum
732 3067 742 3096 ,
755 3024 862 3102 quibus
877 3023 1048 3102 hujusmodi
1060 3025 1180 3104 dispen-

174 3128 188 3157 ι»
211 3104 359 3164 sationum
384 3107 519 3166 execratio
550 3108 696 3167 committi
726 3111 820 3182 solet,
847 3109 933 3170 enixe
963 3126 1124 3189 rogamus,
1150 3118 1181 3169 et

167 3212 189 3260 a
211 3186 417 3260 obsecramus,
441 3200 476 3250 ut
498 3189 647 3252 seduliae
662 3192 987 3271 diligenterattendant
1007 3196 1181 3273 priusquam
1216 3201 1225 3211 ·

173 3298 187 3328 o
211 3272 435 3351 dispensationis
456 3277 582 3354 gratiam
598 3287 800 3355 exequentur,
815 3297 853 3339 an
864 3296 957 3340 eousse
970 3279 1001 3338 in
1013 3277 1180 3358 apostolicis

173 3383 188 3411 a
213 3354 331 3417 Litteris
342 3374 495 3436 expresse,
509 3369 674 3437 ctqrroram
686 3363 848 3424 verificotio
861 3380 1051 3425 eorumeurae
1063 3372 1093 3423 ct
1103 3361 1181 3439 rigi·

172 3470 187 3498 a
211 3443 309 3504 loatiae
329 3441 346 3503 lt
363 3444 437 3504 Sede
459 3447 615 3523 apostolica
632 3447 786 3506 eoramisso
803 3456 868 3519 est,
889 3457 1025 3522 verane,
1044 3467 1083 3510 on
1096 3447 1181 3511 socias

174 3552 188 3580 s
210 3529 359 3599 existant,
378 3546 417 3588 an
437 3529 534 3608 potitis
547 3530 613 3590 Sodi
634 3530 799 3609 apostolieae
818 3533 924 3592 salsum
940 3534 1128 3612 expositum,
1149 3544 1182 3593 et

177 3635 192 3665 a
215 3612 323 3673 veritos
345 3614 460 3676 reticita
473 3614 586 3695 lueritz
604 3633 662 3694 quo
678 3633 768 3694 super
787 3634 822 3677 re
847 3633 953 3679 eoram
970 3616 1182 3680 conseientiom
