2642 4150
172 208 229 273 toa
373 204 419 265 De
433 217 623 266 consonum
635 200 750 284 Pontis.
765 200 905 281 decreta,
918 214 971 268 ete.

173 324 246 388 aut,
268 311 378 394 quibrss
393 331 425 375 se
440 312 606 376 subducant
628 312 645 375 i
666 313 805 391 jejunio,
829 324 965 392 querant
979 311 1108 397 effugia,
1127 319 1182 379 aut

172 400 297 480 argutiis
314 398 452 461 studeant
463 395 686 459 ecclesiasticam
700 400 794 474 legem
812 398 984 479 infringere.

123 505 128 516 ¹
170 493 179 507 ‘
211 488 355 548 Vostrum
378 485 555 563 igiturest,
577 486 763 545 venerabiles
785 487 920 558 Fratres,
942 486 1077 566 exemplo
1095 484 1182 566 aqud

172 589 207 635 sc
222 570 315 632 verbo
328 568 445 648 populis
461 574 644 647 preeuntes,
664 578 780 630 tantum
798 568 830 630 in
843 585 948 629 eorum
958 571 1071 630 animos
1084 574 1182 652 poeni·

173 655 273 717 tentiae
297 653 429 715 studium
451 662 481 714 et
500 669 630 714 amorem
660 653 802 731 injicere,
822 661 857 713 ut
878 653 1012 715 alacriter
1029 654 1180 732 jejunium

173 740 318 818 aggressi,
337 745 367 800 et
391 738 465 799 illud
485 738 522 799 ad
540 739 760 818 praeeriptssd
786 737 930 800 catholica
955 740 1080 800 Ecclesia
1102 742 1181 820 leges

173 824 346 893 observent,
368 832 398 884 et
411 823 605 901 eleemosynis
617 824 707 884 etiam
720 869 728 894 ,
743 832 830 903 atque
842 823 974 885 oratione
985 821 1181 901 sanctificent}

173 917 204 970 et
215 907 267 980 id,
283 908 363 987 quod
382 906 508 969 maxime
517 916 626 986 spectat
640 910 781 982 Ecclesia,
798 909 927 987 denique
942 919 1181 988 consequantur,

174 1003 209 1055 ut
229 1011 353 1074 corpore
369 994 538 1055 mortificati
556 1004 587 1056 et
610 993 728 1057 Christo
750 996 935 1075 consepulti,
958 996 995 1057 ad
1016 1015 1125 1058 novam
1146 1000 1180 1059 in

174 1077 302 1159 paschali
330 1079 516 1140 solemnitate
539 1081 609 1141 nevi
634 1080 767 1142 bominis
785 1081 878 1141 vitam
902 1082 1053 1155 revocati,
1075 1099 1181 1161 magua

173 1179 243 1226 oum
266 1162 373 1224 lidueia
394 1165 582 1225 reviviscenti
595 1163 712 1227 Christo
726 1165 854 1227 Domino
875 1165 989 1243 possint
1011 1183 1179 1227 occurrere.

174 1247 273 1308 Gratia
293 1248 412 1310 Domini
435 1249 529 1308 nostri
543 1250 612 1309 lesu
627 1247 735 1310 Christi
752 1269 820 1309 cum
836 1250 920 1310 vobis
940 1249 1094 1322 omnibus,
1113 1252 1183 1328 qui·

175 1329 231 1391 bus
248 1334 437 1411 apostolicam
447 1334 682 1395 benedictionem
695 1335 907 1395 benevolentiae
926 1337 960 1396 in
971 1351 1024 1397 vos
1041 1343 1072 1397 et
1084 1332 1181 1397 eburi·

176 1415 244 1475 tatis
262 1426 370 1478 nostra
390 1420 514 1497 pignus,
532 1418 731 1481 amantissime
747 1419 945 1497 impertimur.

213 1500 323 1561 Datum
335 1503 434 1563 Romae
445 1504 522 1582 apud
537 1505 567 1563 S.
582 1504 704 1564 Mariana
714 1501 855 1580 Maiorem
868 1503 916 1564 dic
932 1502 999 1564 XX.
1010 1503 1181 1566 Decembris

177 1587 887 1667 annoleCCblx.pontificatusnostriannoii.
1171 1597 1174 1604 ’

176 1810 280 1876 nona
292 1813 370 1876 Χιι.
392 1814 562 1877 massano
580 1816 629 1878 ss.
647 1824 735 1876 mare.
750 1785 839 1878 rsasj
852 1817 914 1894 qua
928 1821 1011 1876 aaa
1024 1808 1144 1873 aava
1157 1821 1189 1874 a

215 1891 406 1959 clondntinee
415 1897 618 1961 demiramur.-
628 1898 748 1961 incenis
759 1900 850 1978 etiarn
860 1896 1119 1960 constitutionibus
1130 1895 1187 1958 buc

216 1978 252 2042 dc
271 1997 303 2043 ra
320 1978 475 2046 Clementis
494 1986 573 2050 XII.
589 1984 745 2047 Benedicti
758 1987 850 2048 XIV.
865 1992 895 2045 et
906 1983 959 2044 Pii
979 1985 1049 2047 VII.
1069 1982 1124 2060 (i).

226 2185 285 2248 Leo
300 2184 466 2268 Episcopus
477 2187 585 2249 Servus
595 2188 753 2284 Servorum
765 2185 824 2247 Dei
841 2184 882 2247 od
898 2191 1070 2266 perpetuom
1088 2199 1134 2244 res

592 2289 776 2332 tttemorwttt.

216 2473 283 2550 Qut
301 2474 437 2554 graviora
456 2475 533 2537 mala
553 2474 661 2537 Christi
682 2474 736 2534 Dei
754 2480 785 2535 et
803 2473 966 2534 Servatoris
989 2470 1082 2533 nostri
1103 2474 1189 2551 gregi

179 2561 356 2633 imminent,
376 2559 411 2623 eb
433 2559 577 2639 majorem
596 2559 825 2621 sollicitudinem
843 2557 875 2617 in
898 2558 935 2616 iis
953 2555 1086 2617 arcendis
1103 2554 1193 2616 adbi-

179 2645 250 2708 bere
272 2646 381 2708 dcbent
393 2647 518 2707 Romani
534 2644 710 2715 Pontifices,
731 2644 839 2722 quibus
851 2643 884 2702 in
900 2643 984 2702 beato
1002 2642 1089 2702 Petro
1101 2658 1192 2720 apos-

180 2732 309 2793 tolorum
328 2732 463 2812 principe
485 2733 565 2792 illius
586 2728 723 2809 pascendi
742 2735 773 2789 ct
785 2727 905 2805 regendi
925 2733 1054 2804 potestas
1071 2732 1103 2786 ct
1116 2742 1190 2786 eura

179 2818 333 2877 commisso
354 2826 409 2877 est.
425 2819 557 2877 Pertinet
572 2816 652 2877 enim
670 2814 708 2875 ad
730 2831 797 2889 eos,
817 2813 928 2891 quippe
939 2811 992 2889 qui
1003 2810 1035 2869 in
1049 2827 1190 2891 suprema

179 2901 313 2960 Ecclesiae
326 2901 442 2980 specula
457 2901 544 2980 positi
556 2901 634 2972 sint,
649 2896 768 2978 iungitis
781 2898 947 2976 prospicere
959 2894 1098 2967 insidias,
1115 2912 1189 2972 quas

180 2981 330 3043 christiani
343 2986 472 3046 nominis
485 2985 581 3046 bostes
594 2983 804 3044 moliunturad
811 2980 918 3042 Christi
928 2979 1085 3041 Ecclesiam
1096 2974 1191 3065 (qued

181 3076 281 3128 tamen
302 3087 456 3147 nunquam
478 3068 681 3147 assequentur)
698 3066 972 3137 exterminandam,
995 3080 1104 3140 easque
1123 3072 1191 3129 tum

181 3150 318 3214 fidelibus
339 3153 470 3214 indicare
490 3162 522 3215 et
539 3153 654 3233 aperire
675 3163 709 3212 ut
728 3153 765 3212 ab
787 3153 824 3211 iis
845 3157 985 3220 marcant,
1004 3157 1069 3214 tum
1088 3155 1191 3207 aucto·

181 3237 267 3301 ritate
286 3254 339 3300 sua
360 3244 493 3301 avertere
512 3245 543 3300 et
555 3238 684 3301 aurelini.
705 3235 916 3298 Gravissimum
930 3231 988 3294 hoe
1006 3248 1117 3293 munus
1131 3231 1189 3296 sibi

210 3424 241 3484 (l)
255 3423 304 3471 lica
320 3424 371 3485 ipss
387 3424 491 3480 tucior,
504 3424 545 3472 sed
565 3422 643 3472 editor
662 3422 734 3482 buius
752 3420 879 3468 norissima
888 3415 999 3466 editionis
1014 3414 1075 3473 lunc
1085 3410 1191 3471 subjecit

181 3490 264 3538 leonis
273 3486 332 3537 xri.
342 3490 548 3553 'constitutionem
559 3492 613 3541 eiam
627 3491 661 3551 tlt
679 3487 799 3537 recentior
814 3494 947 3546 tractesque
962 3496 1012 3531 rena
1033 3491 1190 3543 permagnam

180 3568 209 3601 ac
223 3555 361 3617 frequenter
370 3555 471 3605 obviam.
636 3552 640 3558 '
904 3605 969 3656 m·
