2642 4150
391 186 470 247 Para
482 183 618 254 secondo.
639 185 739 267 Caput
756 187 786 248 1.
1059 189 1097 249 ot

112 284 228 366 parocho
271 285 366 346 tribus
386 279 392 287 ’
412 286 561 346 continuis
606 286 711 346 diebus
760 285 873 346 festivis
906 287 939 346 in
976 287 1100 349 Ecclesia

108 372 180 432 iuter
220 369 373 431 missarum
412 368 553 431 solemnia
592 369 711 449 publici
744 371 939 431 denuntietur
972 391 981 429 t
1017 372 1101 434 dein·
1132 430 1137 439 ,

109 455 226 534 deque,
268 454 350 514 nullo
387 453 520 532 legitimo
552 461 746 514 concurrente
782 454 1026 533 impedimento,
1063 457 1101 517 ad

108 539 180 600 illius
196 539 418 609 celebrationem
438 538 470 597 in
491 538 565 599 facie
597 538 731 598 Ecclesie
752 556 850 599 coram
876 537 1027 616 parocho,
1053 539 1100 600 vel

108 623 159 683 alio
176 621 321 684 sacerdota
336 622 375 682 de
392 622 484 698 ipsius
505 620 646 698 parochi,
669 640 719 681 seu
743 623 891 683 Ordinarii
909 623 1047 695 licentia,
1069 630 1101 684 et

108 705 231 778 duobus,
257 707 305 767 rel
326 705 423 766 tribus
457 704 580 765 testibus
605 705 797 782 presentibus
825 706 882 767 riti
913 706 1098 784 procedatur.

107 790 198 850 Voluit
221 791 310 852 etiarn
330 789 433 849 eadem
453 797 551 849 sancta
571 790 724 865 synodus,
747 789 826 867 apud
847 789 1008 868 paroclrum
1031 792 1101 851 dili·

106 882 200 949 genter
219 874 329 934 lihrum
351 872 517 944 custodiri,
539 874 570 933 in
589 891 649 949 quo
672 872 831 951 conjugum
852 883 883 934 et
900 874 1018 935 testium
1041 892 1098 937 no·

107 955 196 1029 mina,
214 957 357 1035 diesque,
376 965 407 1016 et
422 956 503 1015 locus
525 958 707 1016 matrimonii
719 956 931 1018 describantur.

141 1041 266 1102 Provide
282 1051 382 1101 mmcu
404 1038 573 1116 hujusmodi
593 1040 694 1118 leges,
714 1042 794 1101 tanta
826 1042 997 1102 auctoritate
1021 1042 1100 1102 salu·

107 1121 395 1196 berrimhiustitutae,
411 1122 615 1201 pravdhorum
629 1135 798 1202 temporum
808 1124 976 1186 conditione
990 1127 1099 1187 sensim

106 1207 213 1283 prolabi
233 1209 302 1269 vise
318 1213 407 1275 sunt,
424 1215 454 1267 et
476 1224 596 1267 enerves
617 1208 831 1286 propemodum
851 1208 954 1280 reddi,
974 1209 1013 1269 ob
1037 1228 1099 1270 ma·

106 1291 237 1352 trimonia
253 1310 308 1352 usu
327 1293 417 1352 nimis
430 1300 567 1369 accepta,
595 1311 659 1369 que
679 1290 793 1352 occulti
811 1291 883 1353 aded
896 1292 1098 1365 celebrantur,

106 1382 139 1432 ut
157 1375 274 1435 illorum
297 1376 423 1446 notitia,
445 1375 591 1453 quantiam
618 1375 683 1434 fieri
709 1383 827 1450 potest,
855 1375 1047 1452 obliteretur,
1070 1384 1100 1436 et

105 1457 137 1516 iu
154 1458 279 1518 tenebris
296 1459 467 1537 ignorantie
490 1457 634 1536 perpetuo
654 1457 750 1534 jaceat
772 1459 952 1535 consepulta.
966 1460 1000 1517 ln
1018 1476 1101 1519 more

107 1541 213 1600 ctcnim
233 1543 357 1620 positum
376 1552 439 1614 est,
456 1544 507 1603 illa
530 1541 672 1602 celebrari
697 1540 788 1601 nullis
812 1541 928 1618 praeviis
945 1540 1025 1601 lactis
1049 1541 1101 1603 de·

105 1623 353 1697 nuntiationibus,
372 1645 470 1686 coram
495 1627 558 1686 solo
581 1624 728 1703 parocho,
750 1625 798 1685 vel
813 1625 871 1685 alio
895 1626 1044 1686 sacerdote
1062 1626 1100 1687 de

104 1704 162 1785 ejus
188 1710 326 1783 licentia,
348 1709 479 1771 adhibitio
506 1710 661 1789 praesentia
687 1708 804 1770 tantiam
834 1709 960 1771 duorum
980 1711 1098 1772 testium

103 1793 262 1870 appositdia
286 1793 526 1854 contrahentibus
548 1794 780 1865 advocatorum,
804 1813 932 1872 quorum
950 1795 1023 1855 fides
1047 1814 1099 1856 ne-

103 1878 172 1935 mini
197 1878 320 1938 illorum
338 1886 383 1937 cst
403 1886 556 1954 suspecta,
579 1895 703 1962 remque
725 1879 824 1954 peragi
846 1878 922 1954 sepe
943 1887 1024 1938 extra
1046 1880 1100 1938 Ee·

103 1960 230 2034 alesiam,
244 1959 424 2039 quaudoque
439 1962 528 2020 etiam
537 1961 615 2020 intra
624 1962 706 2021 illam
714 2005 723 2036 ,
734 1960 832 2036 januis
848 1968 946 2019 tamen
961 1961 1099 2033 occlusis,

102 2045 144 2103 tcl
163 2063 196 2106 eo
218 2046 365 2123 temporis
385 2052 561 2115 momento,
588 2062 648 2122 quo
678 2045 790 2105 semoti
822 2043 941 2108 alterius
975 2041 1101 2116 cujusvis

101 2131 269 2205 presentia,
295 2130 414 2189 scicntia
439 2130 506 2189 initi
525 2130 708 2190 matrimonii
739 2135 844 2206 praeter
868 2126 1008 2205 parochi,
1032 2145 1101 2189 con·

102 2211 296 2283 trahentium,
317 2212 496 2289 testiumque
508 2230 668 2290 personas,
685 2213 757 2272 alios
776 2210 893 2289 penitus
911 2210 1042 2291 effugiat.

132 2297 284 2371 Quantam
311 2294 327 2355 h
352 2298 524 2356 sacramenti
548 2295 712 2373 dignitate,
734 2306 764 2357 et
785 2297 821 2355 ab
845 2296 1100 2358 ecclesiasticarum

100 2380 191 2458 laguna
200 2380 378 2459 praescripto
395 2382 507 2440 occulta
522 2379 584 2439 hec
596 2380 784 2440 matrimonia
797 2425 805 2451 ,
820 2379 1000 2441 rortacicntie
1013 2382 1101 2459 vulgb

98 2475 287 2544 nuncupata,
309 2470 344 2521 ua
365 2463 530 2540 plurimhrn
551 2462 747 2533 abhorreant,
772 2464 842 2522 satis
865 2481 1012 2541 superque
1031 2483 1100 2524 corr·

97 2545 182 2621 jicerc
201 2552 271 2628 quis
296 2548 421 2624 poterit,
438 2550 490 2625 qui
510 2549 617 2607 mentis
643 2548 735 2606 aciem
761 2548 797 2606 ad
822 2547 958 2605 exitiosos
982 2547 1102 2605 illorum

98 2630 211 2692 allectus
228 2640 394 2694 convertat.
413 2633 488 2693 Hinc
505 2632 587 2693 euim
605 2630 703 2704 gravia
722 2638 822 2689 ortum
844 2628 953 2687 habent
966 2638 1101 2704 peccata,

97 2719 258 2793 presertim
283 2715 355 2777 verb
376 2734 505 2793 corum,
536 2717 587 2794 qui
615 2715 709 2776 divini
730 2713 833 2790 judicii
861 2713 1102 2777 interminatione

98 2799 260 2876 posthabita
278 2843 288 2871 ,
304 2800 403 2876 priore
419 2818 529 2872 uxore,
548 2818 616 2860 cum
639 2816 697 2876 qua
715 2800 791 2859 clam
810 2804 1038 2871 contraxerunt,
1054 2818 1102 2862 re·

95 2884 178 2956 licta,
198 2903 272 2945 eum
295 2882 351 2941 alia
375 2901 426 2961 spe
449 2884 543 2944 loturi
565 2882 747 2945 matrimonii
759 2881 879 2961 decepta
896 2891 925 2941 ct
939 2882 970 2943 in
984 2892 1101 2963 turpem

95 2984 192 3027 cecum
215 2965 339 3028 vivendi
371 2967 519 3027 licentiam
547 2967 696 3038 abducta,
719 2965 814 3045 palhm
839 2965 1010 3029 contrahere
1033 2989 1101 3047 pro·

94 3050 227 3110 mittant.
262 3050 468 3122 Quorumdam
499 3049 571 3111 verb
596 3058 728 3109 mentem
750 3051 792 3109 ita
812 3068 909 3128 prave
930 3052 1101 3129 cupiditates

94 3141 264 3205 excecant,
294 3141 329 3192 ut
355 3150 467 3195 novum
496 3132 670 3195 contrahere
697 3144 842 3195 secretum
878 3137 1101 3197 matrimonium

94 3216 221 3277 audeant
232 3224 302 3295 post
314 3216 439 3277 alterum
460 3216 571 3277 secretb
584 3217 688 3278 itidem
703 3227 884 3278 contractum
899 3263 907 3291 ,
920 3229 950 3280 et
970 3220 1102 3281 nondum

92 3303 202 3376 prioris
224 3299 360 3378 conjugis
376 3310 472 3361 morte
487 3304 635 3375 solutum,
652 3322 771 3381 seseque
793 3323 899 3382 magno
921 3306 1029 3364 scelere
1049 3319 1102 3377 po-

91 3384 228 3460 lygamos
254 3385 389 3445 reddant.
407 3386 567 3445 bliterium
587 3385 624 3447 eh
641 3388 832 3466 impudentie
853 3389 1049 3448 devenirent
1070 3383 1102 3439 in

91 3464 181 3543 hujus
203 3468 308 3545 magni
329 3470 502 3529 sacramenti
528 3480 754 3548 contemptum,
776 3480 842 3549 post
863 3472 972 3548 primas
991 3460 1102 3523 secretd

92 3548 202 3625 initas,
222 3557 256 3610 ct
271 3551 376 3612 alteras
391 3561 442 3611 aut
455 3553 591 3630 publici,
613 3562 666 3615 aut
688 3554 828 3631 privatim
848 3551 966 3691 nupgias
987 3553 1102 3606 coutra-
