<?xml version="1.0" encoding="UTF-8"?>
<!DOCTYPE html PUBLIC "-//W3C//DTD XHTML 1.0 Transitional//EN"
    "http://www.w3.org/TR/xhtml1/DTD/xhtml1-transitional.dtd">
<html xmlns="http://www.w3.org/1999/xhtml" xml:lang="en" lang="en">
 <head>
  <title>
</title>
<meta http-equiv="Content-Type" content="text/html;charset=utf-8" />
  <meta name='ocr-system' content='tesseract 3.04.00' />
  <meta name='ocr-capabilities' content='ocr_page ocr_carea ocr_par ocr_line ocrx_word'/>
</head>
<body>
  <div class='ocr_page' id='page_1' title='image "./theologiamorali01heilgoog_0095.png"; bbox 0 0 2642 4150; ppageno 0'>
   <div class='ocr_carea' id='block_1_1' title="bbox 415 210 1118 292">
    <p class='ocr_par' dir='ltr' id='par_1_1' title="bbox 415 210 1118 292">
     <span class='ocr_line' id='line_1_1' title="bbox 415 210 1118 292; baseline 0.001 -18"><span class='ocrx_word' id='word_1_1' title='bbox 415 213 494 274; x_wconf 80' lang='lat' dir='ltr'><strong>Pars</strong></span> <span class='ocrx_word' id='word_1_2' title='bbox 509 210 645 273; x_wconf 80' lang='lat' dir='ltr'><strong>scatade.</strong></span> <span class='ocrx_word' id='word_1_3' title='bbox 666 213 762 292; x_wconf 77' lang='lat' dir='ltr'><strong>captat</strong></span> <span class='ocrx_word' id='word_1_4' title='bbox 778 213 823 273; x_wconf 89' lang='grc'><strong>11.</strong></span> <span class='ocrx_word' id='word_1_5' title='bbox 1079 214 1118 275; x_wconf 83' lang='grc'><strong>87</strong></span> 
     </span>
    </p>
   </div>
   <div class='ocr_carea' id='block_1_2' title="bbox 79 311 1204 3657">
    <p class='ocr_par' dir='ltr' id='par_1_2' title="bbox 115 311 1204 895">
     <span class='ocr_line' id='line_1_2' title="bbox 115 311 1118 398; baseline -0.01 -16"><span class='ocrx_word' id='word_1_6' title='bbox 115 336 188 398; x_wconf 87' lang='lat' dir='ltr'><strong>opus</strong></span> <span class='ocrx_word' id='word_1_7' title='bbox 200 318 352 395; x_wconf 74' lang='lat' dir='ltr'><strong>integrum</strong></span> <span class='ocrx_word' id='word_1_8' title='bbox 367 321 455 391; x_wconf 89' lang='lat' dir='ltr'><strong>alque</strong></span> <span class='ocrx_word' id='word_1_9' title='bbox 468 316 671 391; x_wconf 86' lang='lat' dir='ltr'><strong>incorruptum</strong></span> <span class='ocrx_word' id='word_1_10' title='bbox 687 358 694 383; x_wconf 88' lang='lat'>‚</span> <span class='ocrx_word' id='word_1_11' title='bbox 711 314 763 371; x_wconf 89' lang='lat' dir='ltr'><strong>Dei</strong></span> <span class='ocrx_word' id='word_1_12' title='bbox 780 314 877 389; x_wconf 82' lang='lat' dir='ltr'>imago</span> <span class='ocrx_word' id='word_1_13' title='bbox 890 311 1068 388; x_wconf 69' lang='lat' dir='ltr'><strong>repondens</strong></span> <span class='ocrx_word' id='word_1_14' title='bbox 1081 316 1118 373; x_wconf 86' lang='lat' dir='ltr'><strong>ad</strong></span> 
     </span>
     <span class='ocr_line' id='line_1_3' title="bbox 115 393 1119 474; baseline -0.007 -11"><span class='ocrx_word' id='word_1_15' title='bbox 115 402 338 463; x_wconf 79' lang='lat' dir='ltr'><strong>sanctimoniam</strong></span> <span class='ocrx_word' id='word_1_16' title='bbox 353 397 473 457; x_wconf 81' lang='lat' dir='ltr'><strong>Domini</strong></span> <span class='ocrx_word' id='word_1_17' title='bbox 487 441 494 463; x_wconf 88' lang='lat'><strong>,</strong></span> <span class='ocrx_word' id='word_1_18' title='bbox 509 397 653 456; x_wconf 72' lang='lat' dir='ltr'><strong>illustrior</strong></span> <span class='ocrx_word' id='word_1_19' title='bbox 667 393 770 473; x_wconf 87' lang='lat' dir='ltr'><strong>portio</strong></span> <span class='ocrx_word' id='word_1_20' title='bbox 785 397 881 474; x_wconf 73' lang='lat' dir='ltr'><strong>gregis</strong></span> <span class='ocrx_word' id='word_1_21' title='bbox 892 394 1000 456; x_wconf 77' lang='lat' dir='ltr'><strong>Christi</strong></span> <span class='ocrx_word' id='word_1_22' title='bbox 1012 440 1020 467; x_wconf 95' lang='lat'>‚</span> <span class='ocrx_word' id='word_1_23' title='bbox 1033 414 1119 456; x_wconf 78' lang='lat' dir='ltr'><strong>sacre</strong></span> 
     </span>
     <span class='ocr_line' id='line_1_4' title="bbox 115 478 1120 564; baseline -0.005 -20"><span class='ocrx_word' id='word_1_24' title='bbox 115 488 263 564; x_wconf 74' lang='lat' dir='ltr'><strong>virgines,</strong></span> <span class='ocrx_word' id='word_1_25' title='bbox 277 500 426 561; x_wconf 88' lang='lat' dir='ltr'><strong>quarum,</strong></span> <span class='ocrx_word' id='word_1_26' title='bbox 441 480 499 558; x_wconf 86' lang='lat' dir='ltr'><strong>qud</strong></span> <span class='ocrx_word' id='word_1_27' title='bbox 519 480 675 539; x_wconf 84' lang='lat' dir='ltr'><strong>sublimior</strong></span> <span class='ocrx_word' id='word_1_28' title='bbox 696 480 788 558; x_wconf 81' lang='lat' dir='ltr'><strong>gloria</strong></span> <span class='ocrx_word' id='word_1_29' title='bbox 804 490 868 552; x_wconf 90' lang='lat' dir='ltr'><strong>est,</strong></span> <span class='ocrx_word' id='word_1_30' title='bbox 884 478 981 554; x_wconf 88' lang='lat' dir='ltr'><strong>major</strong></span> <span class='ocrx_word' id='word_1_31' title='bbox 1001 488 1031 540; x_wconf 88' lang='lat' dir='ltr'><strong>et</strong></span> <span class='ocrx_word' id='word_1_32' title='bbox 1052 498 1120 539; x_wconf 88' lang='lat' dir='ltr'><strong>cura</strong></span> 
     </span>
     <span class='ocr_line' id='line_1_5' title="bbox 116 563 1120 640; baseline -0.007 -11"><span class='ocrx_word' id='word_1_33' title='bbox 116 578 178 639; x_wconf 86' lang='lat' dir='ltr'><strong>cst,</strong></span> <span class='ocrx_word' id='word_1_34' title='bbox 193 571 272 627; x_wconf 91' lang='lat' dir='ltr'><strong>intra</strong></span> <span class='ocrx_word' id='word_1_35' title='bbox 299 565 546 626; x_wconf 80' lang='lat' dir='ltr'><strong>monasteriorum</strong></span> <span class='ocrx_word' id='word_1_36' title='bbox 562 572 659 640; x_wconf 88' lang='lat' dir='ltr'><strong>septa,</strong></span> <span class='ocrx_word' id='word_1_37' title='bbox 680 572 711 623; x_wconf 90' lang='lat' dir='ltr'><strong>et</strong></span> <span class='ocrx_word' id='word_1_38' title='bbox 731 563 856 622; x_wconf 88' lang='lat' dir='ltr'><strong>claustra</strong></span> <span class='ocrx_word' id='word_1_39' title='bbox 880 563 962 640; x_wconf 79' lang='lat' dir='ltr'><strong>vigili</strong></span> <span class='ocrx_word' id='word_1_40' title='bbox 983 564 1120 623; x_wconf 90' lang='lat' dir='ltr'><strong>sollicita·</strong></span> 
     </span>
     <span class='ocr_line' id='line_1_6' title="bbox 116 646 1204 729; baseline -0.004 -18"><span class='ocrx_word' id='word_1_41' title='bbox 116 670 174 729; x_wconf 91' lang='lat' dir='ltr'><strong>que</strong></span> <span class='ocrx_word' id='word_1_42' title='bbox 186 650 317 711; x_wconf 90' lang='lat' dir='ltr'><strong>custodia</strong></span> <span class='ocrx_word' id='word_1_43' title='bbox 331 656 541 717; x_wconf 76' lang='lat' dir='ltr'><strong>servarentur,</strong></span> <span class='ocrx_word' id='word_1_44' title='bbox 561 656 620 705; x_wconf 93' lang='lat' dir='ltr'><strong>tam</strong></span> <span class='ocrx_word' id='word_1_45' title='bbox 640 655 730 715; x_wconf 81' lang='lat' dir='ltr'><strong>ante,</strong></span> <span class='ocrx_word' id='word_1_46' title='bbox 749 646 838 724; x_wconf 73' lang='lat' dir='ltr'><strong>quim</strong></span> <span class='ocrx_word' id='word_1_47' title='bbox 861 656 928 725; x_wconf 87' lang='lat' dir='ltr'><strong>post</strong></span> <span class='ocrx_word' id='word_1_48' title='bbox 940 647 1121 707; x_wconf 84' lang='lat' dir='ltr'><strong>Tridentinae</strong></span> <span class='ocrx_word' id='word_1_49' title='bbox 1202 675 1204 680; x_wconf 33' lang='lat' dir='ltr'><strong>v</strong></span> 
     </span>
     <span class='ocr_line' id='line_1_7' title="bbox 115 730 1121 813; baseline -0.003 -19"><span class='ocrx_word' id='word_1_50' title='bbox 115 736 228 813; x_wconf 81' lang='lat' dir='ltr'><strong>synodi</strong></span> <span class='ocrx_word' id='word_1_51' title='bbox 246 735 363 795; x_wconf 89' lang='lat' dir='ltr'><strong>decreta</strong></span> <span class='ocrx_word' id='word_1_52' title='bbox 390 732 515 791; x_wconf 88' lang='lat' dir='ltr'><strong>Romani</strong></span> <span class='ocrx_word' id='word_1_53' title='bbox 539 730 694 789; x_wconf 84' lang='lat' dir='ltr'><strong>Pontifices</strong></span> <span class='ocrx_word' id='word_1_54' title='bbox 710 732 935 808; x_wconf 78' lang='lat' dir='ltr'><strong>praedecessores</strong></span> <span class='ocrx_word' id='word_1_55' title='bbox 958 733 1051 791; x_wconf 92' lang='lat' dir='ltr'><strong>nostri</strong></span> <span class='ocrx_word' id='word_1_56' title='bbox 1076 741 1121 792; x_wconf 87' lang='lat' dir='ltr'><strong>tot</strong></span> 
     </span>
     <span class='ocr_line' id='line_1_8' title="bbox 117 812 1120 895; baseline -0.002 -16"><span class='ocrx_word' id='word_1_57' title='bbox 117 820 305 879; x_wconf 80' lang='lat' dir='ltr'><strong>sanctissimis</strong></span> <span class='ocrx_word' id='word_1_58' title='bbox 322 817 496 895; x_wconf 82' lang='lat' dir='ltr'><strong>legibus‚et</strong></span> <span class='ocrx_word' id='word_1_59' title='bbox 512 812 591 874; x_wconf 92' lang='lat' dir='ltr'><strong>initis</strong></span> <span class='ocrx_word' id='word_1_60' title='bbox 602 816 767 893; x_wconf 80' lang='lat' dir='ltr'><strong>apostolica</strong></span> <span class='ocrx_word' id='word_1_61' title='bbox 785 816 982 894; x_wconf 89' lang='lat' dir='ltr'><strong>providentiae</strong></span> <span class='ocrx_word' id='word_1_62' title='bbox 993 817 1120 877; x_wconf 89' lang='lat' dir='ltr'><strong>ebarita-</strong></span> 
     </span>
    </p>

    <p class='ocr_par' dir='ltr' id='par_1_3' title="bbox 79 898 1122 1232">
     <span class='ocr_line' id='line_1_9' title="bbox 79 898 1121 980; baseline -0.003 -18"><span class='ocrx_word' id='word_1_63' title='bbox 79 926 83 932; x_wconf 93' lang='grc'>·</span> <span class='ocrx_word' id='word_1_64' title='bbox 117 903 214 980; x_wconf 82' lang='lat' dir='ltr'><strong>tisque</strong></span> <span class='ocrx_word' id='word_1_65' title='bbox 226 902 355 962; x_wconf 90' lang='lat' dir='ltr'><strong>consiliis</strong></span> <span class='ocrx_word' id='word_1_66' title='bbox 364 900 548 960; x_wconf 87' lang='lat' dir='ltr'><strong>communire</strong></span> <span class='ocrx_word' id='word_1_67' title='bbox 560 908 589 958; x_wconf 91' lang='lat' dir='ltr'><strong>et</strong></span> <span class='ocrx_word' id='word_1_68' title='bbox 599 898 773 958; x_wconf 84' lang='lat' dir='ltr'><strong>confirmare</strong></span> <span class='ocrx_word' id='word_1_69' title='bbox 784 898 980 973; x_wconf 78' lang='lat' dir='ltr'><strong>studuerunt3</strong></span> <span class='ocrx_word' id='word_1_70' title='bbox 991 908 1026 959; x_wconf 91' lang='lat' dir='ltr'><strong>ut</strong></span> <span class='ocrx_word' id='word_1_71' title='bbox 1036 944 1044 970; x_wconf 96' lang='lat'><strong>,</strong></span> <span class='ocrx_word' id='word_1_72' title='bbox 1055 918 1121 977; x_wconf 86' lang='lat' dir='ltr'><strong>qnae</strong></span> 
     </span>
     <span class='ocr_line' id='line_1_10' title="bbox 117 979 1119 1061; baseline -0.002 -16"><span class='ocrx_word' id='word_1_73' title='bbox 117 1003 149 1045; x_wconf 81' lang='lat' dir='ltr'><strong>aa</strong></span> <span class='ocrx_word' id='word_1_74' title='bbox 164 985 282 1046; x_wconf 90' lang='lat' dir='ltr'><strong>Christo</strong></span> <span class='ocrx_word' id='word_1_75' title='bbox 298 985 482 1054; x_wconf 88' lang='lat' dir='ltr'><strong>dicaverint,</strong></span> <span class='ocrx_word' id='word_1_76' title='bbox 496 991 524 1042; x_wconf 88' lang='lat' dir='ltr'><strong>et</strong></span> <span class='ocrx_word' id='word_1_77' title='bbox 537 982 553 1042; x_wconf 74' lang='lat' dir='ltr'><strong>d</strong></span> <span class='ocrx_word' id='word_1_78' title='bbox 568 983 676 1042; x_wconf 85' lang='lat' dir='ltr'><strong>carnali</strong></span> <span class='ocrx_word' id='word_1_79' title='bbox 688 979 921 1061; x_wconf 86' lang='lat' dir='ltr'><strong>concupiscentia</strong></span> <span class='ocrx_word' id='word_1_80' title='bbox 935 984 1119 1058; x_wconf 90' lang='lat' dir='ltr'><strong>recedentes,</strong></span> 
     </span>
     <span class='ocr_line' id='line_1_11' title="bbox 118 1068 1122 1147; baseline -0.001 -20"><span class='ocrx_word' id='word_1_81' title='bbox 118 1078 182 1127; x_wconf 90' lang='lat' dir='ltr'><strong>tam</strong></span> <span class='ocrx_word' id='word_1_82' title='bbox 195 1087 302 1140; x_wconf 90' lang='lat' dir='ltr'><strong>earne,</strong></span> <span class='ocrx_word' id='word_1_83' title='bbox 315 1068 404 1147; x_wconf 75' lang='lat' dir='ltr'><strong>quam</strong></span> <span class='ocrx_word' id='word_1_84' title='bbox 419 1076 519 1126; x_wconf 89' lang='lat' dir='ltr'><strong>mente</strong></span> <span class='ocrx_word' id='word_1_85' title='bbox 531 1084 562 1125; x_wconf 91' lang='lat' dir='ltr'><strong>se</strong></span> <span class='ocrx_word' id='word_1_86' title='bbox 574 1068 636 1125; x_wconf 92' lang='lat' dir='ltr'><strong>Deo</strong></span> <span class='ocrx_word' id='word_1_87' title='bbox 651 1068 808 1139; x_wconf 83' lang='lat' dir='ltr'><strong>voverint,</strong></span> <span class='ocrx_word' id='word_1_88' title='bbox 822 1074 1027 1129; x_wconf 86' lang='lat' dir='ltr'><strong>consumment</strong></span> <span class='ocrx_word' id='word_1_89' title='bbox 1049 1085 1122 1147; x_wconf 89' lang='lat' dir='ltr'><strong>opus</strong></span> 
     </span>
     <span class='ocr_line' id='line_1_12' title="bbox 117 1151 668 1232; baseline -0.009 -17"><span class='ocrx_word' id='word_1_90' title='bbox 117 1170 208 1215; x_wconf 82' lang='lat' dir='ltr'><strong>suum</strong></span> <span class='ocrx_word' id='word_1_91' title='bbox 219 1169 325 1229; x_wconf 75' lang='lat' dir='ltr'><strong>magno</strong></span> <span class='ocrx_word' id='word_1_92' title='bbox 342 1152 465 1232; x_wconf 89' lang='lat' dir='ltr'><strong>praemio</strong></span> <span class='ocrx_word' id='word_1_93' title='bbox 479 1151 668 1210; x_wconf 89' lang='lat' dir='ltr'><strong>destinatum.</strong></span> 
     </span>
    </p>

    <p class='ocr_par' dir='ltr' id='par_1_4' title="bbox 104 1232 1132 3581">
     <span class='ocr_line' id='line_1_13' title="bbox 158 1232 1122 1313; baseline 0.002 -20"><span class='ocrx_word' id='word_1_94' title='bbox 158 1236 304 1308; x_wconf 83' lang='lat' dir='ltr'><strong>Quoniam</strong></span> <span class='ocrx_word' id='word_1_95' title='bbox 325 1244 442 1305; x_wconf 90' lang='lat' dir='ltr'><strong>autem,</strong></span> <span class='ocrx_word' id='word_1_96' title='bbox 459 1236 512 1294; x_wconf 92' lang='lat' dir='ltr'><strong>etsi</strong></span> <span class='ocrx_word' id='word_1_97' title='bbox 528 1235 662 1313; x_wconf 89' lang='lat' dir='ltr'><strong>providas</strong></span> <span class='ocrx_word' id='word_1_98' title='bbox 677 1232 846 1309; x_wconf 85' lang='lat' dir='ltr'><strong>hujusmodi</strong></span> <span class='ocrx_word' id='word_1_99' title='bbox 871 1234 1035 1295; x_wconf 90' lang='lat' dir='ltr'><strong>sanctiones</strong></span> <span class='ocrx_word' id='word_1_100' title='bbox 1052 1253 1122 1295; x_wconf 85' lang='lat' dir='ltr'><strong>ron·</strong></span> 
     </span>
     <span class='ocr_line' id='line_1_14' title="bbox 118 1318 1123 1396; baseline 0 -18"><span class='ocrx_word' id='word_1_101' title='bbox 118 1319 364 1396; x_wconf 66' lang='lat' dir='ltr'><strong>solutionesque,</strong></span> <span class='ocrx_word' id='word_1_102' title='bbox 378 1319 402 1378; x_wconf 87' lang='lat' dir='ltr'><strong>si</strong></span> <span class='ocrx_word' id='word_1_103' title='bbox 426 1318 480 1391; x_wconf 76' lang='lat' dir='ltr'><strong>ei,</strong></span> <span class='ocrx_word' id='word_1_104' title='bbox 496 1321 554 1396; x_wconf 78' lang='lat' dir='ltr'><strong>qud</strong></span> <span class='ocrx_word' id='word_1_105' title='bbox 576 1319 678 1389; x_wconf 90' lang='lat' dir='ltr'><strong>decet,</strong></span> <span class='ocrx_word' id='word_1_106' title='bbox 693 1320 835 1395; x_wconf 82' lang='lat' dir='ltr'><strong>regularis</strong></span> <span class='ocrx_word' id='word_1_107' title='bbox 852 1318 1012 1394; x_wconf 88' lang='lat' dir='ltr'><strong>disciplinae</strong></span> <span class='ocrx_word' id='word_1_108' title='bbox 1023 1320 1123 1378; x_wconf 91' lang='lat' dir='ltr'><strong>obser-</strong></span> 
     </span>
     <span class='ocr_line' id='line_1_15' title="bbox 118 1401 1132 1480; baseline 0 -19"><span class='ocrx_word' id='word_1_109' title='bbox 118 1402 222 1461; x_wconf 74' lang='lat' dir='ltr'><strong>vantiis</strong></span> <span class='ocrx_word' id='word_1_110' title='bbox 235 1404 468 1474; x_wconf 86' lang='lat' dir='ltr'><strong>custodirentur,</strong></span> <span class='ocrx_word' id='word_1_111' title='bbox 488 1404 557 1463; x_wconf 88' lang='lat' dir='ltr'><strong>satis</strong></span> <span class='ocrx_word' id='word_1_112' title='bbox 574 1420 636 1461; x_wconf 90' lang='lat' dir='ltr'><strong>esse</strong></span> <span class='ocrx_word' id='word_1_113' title='bbox 652 1402 779 1472; x_wconf 88' lang='lat' dir='ltr'><strong>seimus,</strong></span> <span class='ocrx_word' id='word_1_114' title='bbox 795 1410 829 1459; x_wconf 90' lang='lat' dir='ltr'><strong>ut</strong></span> <span class='ocrx_word' id='word_1_115' title='bbox 847 1401 976 1478; x_wconf 82' lang='lat' dir='ltr'><strong>virgines</strong></span> <span class='ocrx_word' id='word_1_116' title='bbox 989 1421 1021 1461; x_wconf 90' lang='lat' dir='ltr'><strong>ea</strong></span> <span class='ocrx_word' id='word_1_117' title='bbox 1035 1446 1043 1474; x_wconf 90' lang='lat'><strong>,</strong></span> <span class='ocrx_word' id='word_1_118' title='bbox 1058 1421 1132 1480; x_wconf 79' lang='lat' dir='ltr'><strong>qua.r</strong></span> 
     </span>
     <span class='ocr_line' id='line_1_16' title="bbox 118 1486 1125 1565; baseline 0 -20"><span class='ocrx_word' id='word_1_119' title='bbox 118 1486 250 1554; x_wconf 83' lang='lat' dir='ltr'><strong>caelestis</strong></span> <span class='ocrx_word' id='word_1_120' title='bbox 266 1487 429 1546; x_wconf 88' lang='lat' dir='ltr'><strong>earumdem</strong></span> <span class='ocrx_word' id='word_1_121' title='bbox 441 1488 539 1565; x_wconf 89' lang='lat' dir='ltr'><strong>sponsi</strong></span> <span class='ocrx_word' id='word_1_122' title='bbox 555 1488 624 1545; x_wconf 86' lang='lat' dir='ltr'><strong>lesu</strong></span> <span class='ocrx_word' id='word_1_123' title='bbox 642 1486 751 1547; x_wconf 90' lang='lat' dir='ltr'><strong>Christi</strong></span> <span class='ocrx_word' id='word_1_124' title='bbox 771 1494 858 1555; x_wconf 87' lang='lat' dir='ltr'><strong>sunt,</strong></span> <span class='ocrx_word' id='word_1_125' title='bbox 877 1486 1035 1561; x_wconf 83' lang='lat' dir='ltr'><strong>cogitantes</strong></span> <span class='ocrx_word' id='word_1_126' title='bbox 1046 1530 1054 1556; x_wconf 96' lang='lat'><strong>,</strong></span> <span class='ocrx_word' id='word_1_127' title='bbox 1066 1488 1125 1545; x_wconf 92' lang='lat' dir='ltr'><strong>sint</strong></span> 
     </span>
     <span class='ocr_line' id='line_1_17' title="bbox 119 1569 1123 1649; baseline 0.001 -22"><span class='ocrx_word' id='word_1_128' title='bbox 119 1576 233 1628; x_wconf 88' lang='lat' dir='ltr'><strong>sanctae</strong></span> <span class='ocrx_word' id='word_1_129' title='bbox 249 1576 279 1627; x_wconf 91' lang='lat' dir='ltr'><strong>et</strong></span> <span class='ocrx_word' id='word_1_130' title='bbox 294 1587 426 1647; x_wconf 90' lang='lat' dir='ltr'><strong>corpore,</strong></span> <span class='ocrx_word' id='word_1_131' title='bbox 437 1580 467 1630; x_wconf 91' lang='lat' dir='ltr'><strong>et</strong></span> <span class='ocrx_word' id='word_1_132' title='bbox 478 1571 601 1649; x_wconf 81' lang='lat' dir='ltr'><strong>spiritu3</strong></span> <span class='ocrx_word' id='word_1_133' title='bbox 616 1570 701 1647; x_wconf 79' lang='lat' dir='ltr'><strong>longa</strong></span> <span class='ocrx_word' id='word_1_134' title='bbox 716 1578 814 1629; x_wconf 89' lang='lat' dir='ltr'><strong>tamen</strong></span> <span class='ocrx_word' id='word_1_135' title='bbox 825 1569 1004 1645; x_wconf 75' lang='lat' dir='ltr'><strong>experientia</strong></span> <span class='ocrx_word' id='word_1_136' title='bbox 1017 1569 1123 1639; x_wconf 86' lang='lat' dir='ltr'><strong>edocti,</strong></span> 
     </span>
     <span class='ocr_line' id='line_1_18' title="bbox 118 1651 1123 1716; baseline 0.003 -6"><span class='ocrx_word' id='word_1_137' title='bbox 118 1659 152 1711; x_wconf 91' lang='lat' dir='ltr'><strong>et</strong></span> <span class='ocrx_word' id='word_1_138' title='bbox 171 1651 295 1711; x_wconf 83' lang='lat' dir='ltr'><strong>assiduis</strong></span> <span class='ocrx_word' id='word_1_139' title='bbox 316 1654 528 1716; x_wconf 89' lang='lat' dir='ltr'><strong>venerabilium</strong></span> <span class='ocrx_word' id='word_1_140' title='bbox 540 1656 677 1714; x_wconf 87' lang='lat' dir='ltr'><strong>Fratrum</strong></span> <span class='ocrx_word' id='word_1_141' title='bbox 696 1653 820 1712; x_wconf 90' lang='lat' dir='ltr'><strong>aliarum</strong></span> <span class='ocrx_word' id='word_1_142' title='bbox 834 1653 1027 1712; x_wconf 86' lang='lat' dir='ltr'><strong>Ecclesiarum</strong></span> <span class='ocrx_word' id='word_1_143' title='bbox 1039 1654 1123 1714; x_wconf 81' lang='lat' dir='ltr'><strong>Anti·</strong></span> 
     </span>
     <span class='ocr_line' id='line_1_19' title="bbox 116 1735 1124 1816; baseline -0.001 -18"><span class='ocrx_word' id='word_1_144' title='bbox 116 1735 225 1798; x_wconf 75' lang='lat' dir='ltr'><strong>stilum</strong></span> <span class='ocrx_word' id='word_1_145' title='bbox 247 1739 372 1813; x_wconf 86' lang='lat' dir='ltr'><strong>querelis</strong></span> <span class='ocrx_word' id='word_1_146' title='bbox 400 1738 565 1809; x_wconf 84' lang='lat' dir='ltr'><strong>admoniti,</strong></span> <span class='ocrx_word' id='word_1_147' title='bbox 584 1756 736 1816; x_wconf 89' lang='lat' dir='ltr'><strong>supremas</strong></span> <span class='ocrx_word' id='word_1_148' title='bbox 759 1738 924 1815; x_wconf 84' lang='lat' dir='ltr'><strong>apostolicae</strong></span> <span class='ocrx_word' id='word_1_149' title='bbox 945 1739 1124 1798; x_wconf 86' lang='lat' dir='ltr'><strong>auctoritatis</strong></span> 
     </span>
     <span class='ocr_line' id='line_1_20' title="bbox 118 1820 1124 1901; baseline 0.008 -27"><span class='ocrx_word' id='word_1_150' title='bbox 118 1821 375 1900; x_wconf 80' lang='lat' dir='ltr'><strong>providentiaeque</strong></span> <span class='ocrx_word' id='word_1_151' title='bbox 393 1833 490 1901; x_wconf 88' lang='lat' dir='ltr'><strong>partes</strong></span> <span class='ocrx_word' id='word_1_152' title='bbox 512 1823 623 1899; x_wconf 89' lang='lat' dir='ltr'><strong>requiri</strong></span> <span class='ocrx_word' id='word_1_153' title='bbox 637 1867 645 1893; x_wconf 96' lang='lat'><strong>,</strong></span> <span class='ocrx_word' id='word_1_154' title='bbox 657 1832 690 1881; x_wconf 91' lang='lat' dir='ltr'><strong>ut</strong></span> <span class='ocrx_word' id='word_1_155' title='bbox 714 1848 727 1876; x_wconf 78' lang='lat' dir='ltr'><strong>a</strong></span> <span class='ocrx_word' id='word_1_156' title='bbox 747 1823 885 1881; x_wconf 82' lang='lat' dir='ltr'><strong>abusibus</strong></span> <span class='ocrx_word' id='word_1_157' title='bbox 899 1820 1124 1899; x_wconf 76' lang='lat' dir='ltr'><strong>qrrtmpturimts</strong></span> 
     </span>
     <span class='ocr_line' id='line_1_21' title="bbox 119 1906 1125 1984; baseline 0.003 -22"><span class='ocrx_word' id='word_1_158' title='bbox 119 1927 135 1954; x_wconf 80' lang='lat' dir='ltr'><strong>a</strong></span> <span class='ocrx_word' id='word_1_159' title='bbox 160 1921 198 1963; x_wconf 89' lang='lat' dir='ltr'><strong>ex</strong></span> <span class='ocrx_word' id='word_1_160' title='bbox 216 1906 309 1965; x_wconf 91' lang='lat' dir='ltr'><strong>nimia</strong></span> <span class='ocrx_word' id='word_1_161' title='bbox 323 1924 597 1984; x_wconf 81' lang='lat' dir='ltr'><strong>quorumcumque,</strong></span> <span class='ocrx_word' id='word_1_162' title='bbox 618 1916 669 1965; x_wconf 91' lang='lat' dir='ltr'><strong>aut</strong></span> <span class='ocrx_word' id='word_1_163' title='bbox 685 1906 739 1964; x_wconf 91' lang='lat' dir='ltr'><strong>sibi</strong></span> <span class='ocrx_word' id='word_1_164' title='bbox 750 1924 937 1982; x_wconf 88' lang='lat' dir='ltr'><strong>quocumque</strong></span> <span class='ocrx_word' id='word_1_165' title='bbox 950 1915 1032 1982; x_wconf 89' lang='lat' dir='ltr'><strong>pacto</strong></span> <span class='ocrx_word' id='word_1_166' title='bbox 1047 1924 1125 1966; x_wconf 88' lang='lat' dir='ltr'><strong>arro·</strong></span> 
     </span>
     <span class='ocr_line' id='line_1_22' title="bbox 117 1989 1125 2069; baseline 0.007 -27"><span class='ocrx_word' id='word_1_167' title='bbox 117 2014 135 2042; x_wconf 77' lang='lat' dir='ltr'><strong>a</strong></span> <span class='ocrx_word' id='word_1_168' title='bbox 158 1991 292 2065; x_wconf 77' lang='lat' dir='ltr'><strong>gantiam</strong></span> <span class='ocrx_word' id='word_1_169' title='bbox 306 2034 314 2061; x_wconf 89' lang='lat'><strong>,</strong></span> <span class='ocrx_word' id='word_1_170' title='bbox 327 2000 378 2049; x_wconf 90' lang='lat' dir='ltr'><strong>aut</strong></span> <span class='ocrx_word' id='word_1_171' title='bbox 395 1992 639 2069; x_wconf 78' lang='lat' dir='ltr'><strong>praetendentium</strong></span> <span class='ocrx_word' id='word_1_172' title='bbox 653 2035 660 2063; x_wconf 88' lang='lat'>‚</span> <span class='ocrx_word' id='word_1_173' title='bbox 678 2000 729 2049; x_wconf 90' lang='lat' dir='ltr'><strong>aut</strong></span> <span class='ocrx_word' id='word_1_174' title='bbox 746 1990 971 2050; x_wconf 89' lang='lat' dir='ltr'><strong>obtendentium</strong></span> <span class='ocrx_word' id='word_1_175' title='bbox 985 2032 993 2058; x_wconf 89' lang='lat'><strong>,</strong></span> <span class='ocrx_word' id='word_1_176' title='bbox 1005 1989 1125 2049; x_wconf 87' lang='lat' dir='ltr'><strong>faculta-</strong></span> 
     </span>
     <span class='ocr_line' id='line_1_23' title="bbox 120 2071 1126 2153; baseline 0.003 -21"><span class='ocrx_word' id='word_1_177' title='bbox 120 2098 135 2125; x_wconf 72' lang='grc' dir='ltr'><strong>ι·</strong></span> <span class='ocrx_word' id='word_1_178' title='bbox 161 2082 221 2133; x_wconf 87' lang='lat' dir='ltr'><strong>tem</strong></span> <span class='ocrx_word' id='word_1_179' title='bbox 236 2074 307 2147; x_wconf 69' lang='lat' dir='ltr'><strong>alias</strong></span> <span class='ocrx_word' id='word_1_180' title='bbox 325 2076 381 2135; x_wconf 87' lang='lat' dir='ltr'><strong>sibi</strong></span> <span class='ocrx_word' id='word_1_181' title='bbox 399 2076 624 2153; x_wconf 90' lang='lat' dir='ltr'><strong>quomodolibet</strong></span> <span class='ocrx_word' id='word_1_182' title='bbox 646 2075 708 2136; x_wconf 89' lang='lat' dir='ltr'><strong>sive</strong></span> <span class='ocrx_word' id='word_1_183' title='bbox 729 2074 846 2152; x_wconf 73' lang='lat' dir='ltr'><strong>bjure,</strong></span> <span class='ocrx_word' id='word_1_184' title='bbox 868 2075 930 2132; x_wconf 91' lang='lat' dir='ltr'><strong>sive</strong></span> <span class='ocrx_word' id='word_1_185' title='bbox 953 2074 992 2132; x_wconf 88' lang='lat' dir='ltr'><strong>ab</strong></span> <span class='ocrx_word' id='word_1_186' title='bbox 1005 2071 1126 2136; x_wconf 91' lang='lat' dir='ltr'><strong>bomine</strong></span> 
     </span>
     <span class='ocr_line' id='line_1_24' title="bbox 119 2157 1125 2234; baseline 0.003 -18"><span class='ocrx_word' id='word_1_187' title='bbox 119 2181 135 2209; x_wconf 80' lang='lat' dir='ltr'><strong>a</strong></span> <span class='ocrx_word' id='word_1_188' title='bbox 160 2175 345 2234; x_wconf 83' lang='lat' dir='ltr'><strong>concessam,</strong></span> <span class='ocrx_word' id='word_1_189' title='bbox 366 2160 416 2219; x_wconf 93' lang='lat' dir='ltr'><strong>vel</strong></span> <span class='ocrx_word' id='word_1_190' title='bbox 436 2159 681 2220; x_wconf 87' lang='lat' dir='ltr'><strong>demandaturum</strong></span> <span class='ocrx_word' id='word_1_191' title='bbox 700 2176 858 2218; x_wconf 72' lang='lat' dir='ltr'><strong>mainerum</strong></span> <span class='ocrx_word' id='word_1_192' title='bbox 871 2158 985 2218; x_wconf 89' lang='lat' dir='ltr'><strong>ratione</strong></span> <span class='ocrx_word' id='word_1_193' title='bbox 996 2157 1125 2219; x_wconf 88' lang='lat' dir='ltr'><strong>debitam</strong></span> 
     </span>
     <span class='ocr_line' id='line_1_25' title="bbox 118 2243 1123 2321; baseline 0.004 -21"><span class='ocrx_word' id='word_1_194' title='bbox 118 2264 135 2293; x_wconf 79' lang='lat' dir='ltr'><strong>a</strong></span> <span class='ocrx_word' id='word_1_195' title='bbox 160 2258 242 2316; x_wconf 87' lang='lat' dir='ltr'><strong>esse,</strong></span> <span class='ocrx_word' id='word_1_196' title='bbox 264 2249 300 2301; x_wconf 87' lang='lat' dir='ltr'><strong>ut</strong></span> <span class='ocrx_word' id='word_1_197' title='bbox 318 2243 380 2302; x_wconf 90' lang='lat' dir='ltr'><strong>sive</strong></span> <span class='ocrx_word' id='word_1_198' title='bbox 393 2243 466 2320; x_wconf 90' lang='lat' dir='ltr'><strong>ipsi,</strong></span> <span class='ocrx_word' id='word_1_199' title='bbox 483 2244 545 2303; x_wconf 92' lang='lat' dir='ltr'><strong>sive</strong></span> <span class='ocrx_word' id='word_1_200' title='bbox 564 2244 612 2303; x_wconf 90' lang='lat' dir='ltr'><strong>alii</strong></span> <span class='ocrx_word' id='word_1_201' title='bbox 631 2244 745 2321; x_wconf 83' lang='lat' dir='ltr'><strong>ingredi</strong></span> <span class='ocrx_word' id='word_1_202' title='bbox 757 2246 922 2303; x_wconf 88' lang='lat' dir='ltr'><strong>clausuram</strong></span> <span class='ocrx_word' id='word_1_203' title='bbox 934 2243 1123 2320; x_wconf 89' lang='lat' dir='ltr'><strong>monialium,</strong></span> 
     </span>
     <span class='ocr_line' id='line_1_26' title="bbox 119 2327 1126 2405; baseline 0.006 -23"><span class='ocrx_word' id='word_1_204' title='bbox 119 2348 135 2377; x_wconf 76' lang='lat' dir='ltr'><strong>a</strong></span> <span class='ocrx_word' id='word_1_205' title='bbox 160 2334 211 2383; x_wconf 92' lang='lat' dir='ltr'><strong>aut</strong></span> <span class='ocrx_word' id='word_1_206' title='bbox 233 2327 305 2405; x_wconf 80' lang='lat' dir='ltr'><strong>ipsae</strong></span> <span class='ocrx_word' id='word_1_207' title='bbox 328 2327 470 2389; x_wconf 88' lang='lat' dir='ltr'><strong>moniales</strong></span> <span class='ocrx_word' id='word_1_208' title='bbox 492 2327 658 2401; x_wconf 69' lang='lat' dir='ltr'><strong>eelausnra</strong></span> <span class='ocrx_word' id='word_1_209' title='bbox 678 2329 716 2387; x_wconf 93' lang='lat' dir='ltr'><strong>ob</strong></span> <span class='ocrx_word' id='word_1_210' title='bbox 735 2346 933 2405; x_wconf 91' lang='lat' dir='ltr'><strong>quascumque</strong></span> <span class='ocrx_word' id='word_1_211' title='bbox 955 2329 1043 2387; x_wconf 89' lang='lat' dir='ltr'><strong>etiam</strong></span> <span class='ocrx_word' id='word_1_212' title='bbox 1066 2346 1126 2388; x_wconf 91' lang='lat' dir='ltr'><strong>non</strong></span> 
     </span>
     <span class='ocr_line' id='line_1_27' title="bbox 119 2408 1127 2489; baseline 0.002 -24"><span class='ocrx_word' id='word_1_213' title='bbox 119 2436 136 2464; x_wconf 86' lang='lat' dir='ltr'><strong>:t</strong></span> <span class='ocrx_word' id='word_1_214' title='bbox 159 2408 308 2487; x_wconf 76' lang='lat' dir='ltr'><strong>legitimas</strong></span> <span class='ocrx_word' id='word_1_215' title='bbox 318 2429 416 2470; x_wconf 88' lang='lat' dir='ltr'><strong>causas</strong></span> <span class='ocrx_word' id='word_1_216' title='bbox 429 2411 545 2489; x_wconf 83' lang='lat' dir='ltr'><strong>egredi,</strong></span> <span class='ocrx_word' id='word_1_217' title='bbox 558 2421 588 2472; x_wconf 93' lang='lat' dir='ltr'><strong>et</strong></span> <span class='ocrx_word' id='word_1_218' title='bbox 601 2422 683 2472; x_wconf 80' lang='lat' dir='ltr'><strong>extra</strong></span> <span class='ocrx_word' id='word_1_219' title='bbox 695 2415 858 2471; x_wconf 87' lang='lat' dir='ltr'><strong>clausuram</strong></span> <span class='ocrx_word' id='word_1_220' title='bbox 870 2411 1037 2486; x_wconf 87' lang='lat' dir='ltr'><strong>lmjusmodi</strong></span> <span class='ocrx_word' id='word_1_221' title='bbox 1047 2427 1127 2469; x_wconf 90' lang='lat' dir='ltr'><strong>com·</strong></span> 
     </span>
     <span class='ocr_line' id='line_1_28' title="bbox 118 2492 1128 2572; baseline -0.002 -20"><span class='ocrx_word' id='word_1_222' title='bbox 118 2519 135 2548; x_wconf 83' lang='lat' dir='ltr'><strong>a</strong></span> <span class='ocrx_word' id='word_1_223' title='bbox 162 2494 274 2552; x_wconf 91' lang='lat' dir='ltr'><strong>morari</strong></span> <span class='ocrx_word' id='word_1_224' title='bbox 292 2495 421 2572; x_wconf 88' lang='lat' dir='ltr'><strong>possint,</strong></span> <span class='ocrx_word' id='word_1_225' title='bbox 439 2495 586 2555; x_wconf 84' lang='lat' dir='ltr'><strong>licentiam</strong></span> <span class='ocrx_word' id='word_1_226' title='bbox 600 2496 801 2566; x_wconf 85' lang='lat' dir='ltr'><strong>concedendi,</strong></span> <span class='ocrx_word' id='word_1_227' title='bbox 814 2496 994 2570; x_wconf 84' lang='lat' dir='ltr'><strong>indulgentia</strong></span> <span class='ocrx_word' id='word_1_228' title='bbox 1020 2492 1128 2552; x_wconf 90' lang='lat' dir='ltr'><strong>sensim</strong></span> 
     </span>
     <span class='ocr_line' id='line_1_29' title="bbox 119 2576 1129 2657; baseline -0.006 -18"><span class='ocrx_word' id='word_1_229' title='bbox 119 2603 137 2631; x_wconf 80' lang='lat' dir='ltr'><strong>a</strong></span> <span class='ocrx_word' id='word_1_230' title='bbox 161 2578 287 2639; x_wconf 87' lang='lat' dir='ltr'><strong>invectis</strong></span> <span class='ocrx_word' id='word_1_231' title='bbox 311 2578 478 2657; x_wconf 73' lang='lat' dir='ltr'><strong>opportune</strong></span> <span class='ocrx_word' id='word_1_232' title='bbox 497 2589 692 2639; x_wconf 87' lang='lat' dir='ltr'><strong>occurratur:</strong></span> <span class='ocrx_word' id='word_1_233' title='bbox 714 2580 782 2637; x_wconf 90' lang='lat' dir='ltr'><strong>binc</strong></span> <span class='ocrx_word' id='word_1_234' title='bbox 804 2586 868 2645; x_wconf 90' lang='lat' dir='ltr'><strong>est,</strong></span> <span class='ocrx_word' id='word_1_235' title='bbox 897 2576 975 2651; x_wconf 86' lang='lat' dir='ltr'><strong>qubd</strong></span> <span class='ocrx_word' id='word_1_236' title='bbox 995 2593 1048 2634; x_wconf 90' lang='lat' dir='ltr'><strong>nos</strong></span> <span class='ocrx_word' id='word_1_237' title='bbox 1075 2592 1129 2651; x_wconf 91' lang='lat' dir='ltr'><strong>pro</strong></span> 
     </span>
     <span class='ocr_line' id='line_1_30' title="bbox 117 2659 1129 2740; baseline -0.004 -21"><span class='ocrx_word' id='word_1_238' title='bbox 117 2688 135 2717; x_wconf 75' lang='grc' dir='ltr'><strong>ιι</strong></span> <span class='ocrx_word' id='word_1_239' title='bbox 158 2680 300 2740; x_wconf 87' lang='lat' dir='ltr'><strong>suprema</strong></span> <span class='ocrx_word' id='word_1_240' title='bbox 312 2664 446 2724; x_wconf 88' lang='lat' dir='ltr'><strong>omnium</strong></span> <span class='ocrx_word' id='word_1_241' title='bbox 465 2663 572 2724; x_wconf 88' lang='lat' dir='ltr'><strong>Christi</strong></span> <span class='ocrx_word' id='word_1_242' title='bbox 591 2663 726 2723; x_wconf 85' lang='lat' dir='ltr'><strong>fidelium</strong></span> <span class='ocrx_word' id='word_1_243' title='bbox 750 2659 956 2739; x_wconf 89' lang='lat' dir='ltr'><strong>procuratione</strong></span> <span class='ocrx_word' id='word_1_244' title='bbox 975 2659 1129 2718; x_wconf 89' lang='lat' dir='ltr'><strong>imbecilli·</strong></span> 
     </span>
     <span class='ocr_line' id='line_1_31' title="bbox 119 2744 1129 2822; baseline -0.007 -13"><span class='ocrx_word' id='word_1_245' title='bbox 119 2775 136 2803; x_wconf 75' lang='lat' dir='ltr'><strong>a</strong></span> <span class='ocrx_word' id='word_1_246' title='bbox 160 2750 217 2809; x_wconf 88' lang='lat' dir='ltr'><strong>tati</strong></span> <span class='ocrx_word' id='word_1_247' title='bbox 245 2758 354 2809; x_wconf 84' lang='lat' dir='ltr'><strong>nostrae</strong></span> <span class='ocrx_word' id='word_1_248' title='bbox 378 2749 410 2807; x_wconf 89' lang='lat' dir='ltr'><strong>in</strong></span> <span class='ocrx_word' id='word_1_249' title='bbox 433 2749 606 2807; x_wconf 89' lang='lat' dir='ltr'><strong>universalis</strong></span> <span class='ocrx_word' id='word_1_250' title='bbox 639 2746 810 2807; x_wconf 84' lang='lat' dir='ltr'><strong>orthodoxae</strong></span> <span class='ocrx_word' id='word_1_251' title='bbox 830 2745 960 2803; x_wconf 83' lang='lat' dir='ltr'><strong>Ecclesiae</strong></span> <span class='ocrx_word' id='word_1_252' title='bbox 986 2744 1129 2822; x_wconf 83' lang='lat' dir='ltr'><strong>regimine</strong></span> 
     </span>
     <span class='ocr_line' id='line_1_32' title="bbox 116 2828 1129 2910; baseline -0.001 -19"><span class='ocrx_word' id='word_1_253' title='bbox 116 2860 134 2891; x_wconf 70' lang='lat' dir='ltr'><strong>a</strong></span> <span class='ocrx_word' id='word_1_254' title='bbox 160 2832 308 2894; x_wconf 80' lang='lat' dir='ltr'><strong>divinitus</strong></span> <span class='ocrx_word' id='word_1_255' title='bbox 323 2833 476 2909; x_wconf 80' lang='lat' dir='ltr'><strong>imposita,</strong></span> <span class='ocrx_word' id='word_1_256' title='bbox 488 2841 690 2910; x_wconf 90' lang='lat' dir='ltr'><strong>opportunum</strong></span> <span class='ocrx_word' id='word_1_257' title='bbox 702 2833 840 2892; x_wconf 87' lang='lat' dir='ltr'><strong>abusibus</strong></span> <span class='ocrx_word' id='word_1_258' title='bbox 854 2828 1020 2906; x_wconf 84' lang='lat' dir='ltr'><strong>hujusmodl</strong></span> <span class='ocrx_word' id='word_1_259' title='bbox 1035 2848 1129 2890; x_wconf 91' lang='lat' dir='ltr'><strong>reme·</strong></span> 
     </span>
     <span class='ocr_line' id='line_1_33' title="bbox 114 2914 1130 2995; baseline 0.001 -21"><span class='ocrx_word' id='word_1_260' title='bbox 114 2946 133 2974; x_wconf 69' lang='lat' dir='ltr'><strong>s·</strong></span> <span class='ocrx_word' id='word_1_261' title='bbox 158 2919 246 2979; x_wconf 87' lang='lat' dir='ltr'><strong>diurn</strong></span> <span class='ocrx_word' id='word_1_262' title='bbox 253 2962 264 2994; x_wconf 87' lang='lat'><strong>,</strong></span> <span class='ocrx_word' id='word_1_263' title='bbox 282 2914 428 2995; x_wconf 84' lang='lat' dir='ltr'><strong>quantiam</strong></span> <span class='ocrx_word' id='word_1_264' title='bbox 441 2935 508 2976; x_wconf 92' lang='lat' dir='ltr'><strong>cum</strong></span> <span class='ocrx_word' id='word_1_265' title='bbox 522 2919 650 2979; x_wconf 86' lang='lat' dir='ltr'><strong>Domino</strong></span> <span class='ocrx_word' id='word_1_266' title='bbox 664 2935 835 2994; x_wconf 89' lang='lat' dir='ltr'><strong>possumus,</strong></span> <span class='ocrx_word' id='word_1_267' title='bbox 848 2914 988 2975; x_wconf 81' lang='lat' dir='ltr'><strong>adbibere</strong></span> <span class='ocrx_word' id='word_1_268' title='bbox 998 2925 1130 2992; x_wconf 86' lang='lat' dir='ltr'><strong>satagen-</strong></span> 
     </span>
     <span class='ocr_line' id='line_1_34' title="bbox 113 3001 1130 3077; baseline 0.001 -16"><span class='ocrx_word' id='word_1_269' title='bbox 113 3029 132 3061; x_wconf 77' lang='lat' dir='ltr'><strong>s</strong></span> <span class='ocrx_word' id='word_1_270' title='bbox 161 3010 226 3073; x_wconf 88' lang='lat' dir='ltr'><strong>tes,</strong></span> <span class='ocrx_word' id='word_1_271' title='bbox 249 3001 425 3060; x_wconf 88' lang='lat' dir='ltr'><strong>auctoritate</strong></span> <span class='ocrx_word' id='word_1_272' title='bbox 444 3001 621 3077; x_wconf 80' lang='lat' dir='ltr'><strong>apostoliea,</strong></span> <span class='ocrx_word' id='word_1_273' title='bbox 646 3011 750 3060; x_wconf 91' lang='lat' dir='ltr'><strong>tenore</strong></span> <span class='ocrx_word' id='word_1_274' title='bbox 768 3001 958 3077; x_wconf 89' lang='lat' dir='ltr'><strong>praesentium</strong></span> <span class='ocrx_word' id='word_1_275' title='bbox 978 3018 1079 3060; x_wconf 90' lang='lat' dir='ltr'><strong>omnes</strong></span> <span class='ocrx_word' id='word_1_276' title='bbox 1099 3010 1130 3063; x_wconf 91' lang='lat' dir='ltr'><strong>et</strong></span> 
     </span>
     <span class='ocr_line' id='line_1_35' title="bbox 112 3082 1129 3163; baseline 0.004 -22"><span class='ocrx_word' id='word_1_277' title='bbox 112 3113 131 3141; x_wconf 71' lang='lat' dir='ltr'><strong>s</strong></span> <span class='ocrx_word' id='word_1_278' title='bbox 160 3085 293 3162; x_wconf 77' lang='lat' dir='ltr'><strong>singulas</strong></span> <span class='ocrx_word' id='word_1_279' title='bbox 309 3084 532 3143; x_wconf 91' lang='lat' dir='ltr'><strong>constitutiones</strong></span> <span class='ocrx_word' id='word_1_280' title='bbox 549 3082 718 3144; x_wconf 73' lang='lat' dir='ltr'><strong>adornaris</strong></span> <span class='ocrx_word' id='word_1_281' title='bbox 738 3084 926 3144; x_wconf 85' lang='lat' dir='ltr'><strong>Pontificibus</strong></span> <span class='ocrx_word' id='word_1_282' title='bbox 940 3086 1129 3163; x_wconf 89' lang='lat' dir='ltr'><strong>praedeeesso-</strong></span> 
     </span>
     <span class='ocr_line' id='line_1_36' title="bbox 110 3167 1129 3247; baseline 0.003 -23"><span class='ocrx_word' id='word_1_283' title='bbox 110 3198 128 3224; x_wconf 73' lang='lat' dir='ltr'><strong>s·</strong></span> <span class='ocrx_word' id='word_1_284' title='bbox 159 3169 247 3229; x_wconf 90' lang='lat' dir='ltr'><strong>ribus</strong></span> <span class='ocrx_word' id='word_1_285' title='bbox 261 3167 369 3226; x_wconf 87' lang='lat' dir='ltr'><strong>nostris</strong></span> <span class='ocrx_word' id='word_1_286' title='bbox 386 3175 446 3225; x_wconf 89' lang='lat' dir='ltr'><strong>tam</strong></span> <span class='ocrx_word' id='word_1_287' title='bbox 462 3176 548 3237; x_wconf 86' lang='lat' dir='ltr'><strong>ante,</strong></span> <span class='ocrx_word' id='word_1_288' title='bbox 571 3167 660 3246; x_wconf 83' lang='lat' dir='ltr'><strong>quiam</strong></span> <span class='ocrx_word' id='word_1_289' title='bbox 679 3170 877 3247; x_wconf 88' lang='lat' dir='ltr'><strong>postConcilii</strong></span> <span class='ocrx_word' id='word_1_290' title='bbox 895 3169 1061 3231; x_wconf 82' lang='lat' dir='ltr'><strong>Tridentini</strong></span> <span class='ocrx_word' id='word_1_291' title='bbox 1079 3170 1129 3228; x_wconf 88' lang='lat' dir='ltr'><strong>de-</strong></span> 
     </span>
     <span class='ocr_line' id='line_1_37' title="bbox 108 3249 1130 3327; baseline -0.002 -17"><span class='ocrx_word' id='word_1_292' title='bbox 108 3280 126 3310; x_wconf 74' lang='lat' dir='ltr'><strong>s·</strong></span> <span class='ocrx_word' id='word_1_293' title='bbox 158 3261 243 3312; x_wconf 89' lang='lat' dir='ltr'><strong>creta</strong></span> <span class='ocrx_word' id='word_1_294' title='bbox 258 3268 346 3327; x_wconf 89' lang='lat' dir='ltr'><strong>super</strong></span> <span class='ocrx_word' id='word_1_295' title='bbox 360 3249 493 3310; x_wconf 88' lang='lat' dir='ltr'><strong>clausura</strong></span> <span class='ocrx_word' id='word_1_296' title='bbox 512 3253 686 3312; x_wconf 89' lang='lat' dir='ltr'><strong>monialium</strong></span> <span class='ocrx_word' id='word_1_297' title='bbox 701 3254 793 3312; x_wconf 92' lang='lat' dir='ltr'><strong>editas</strong></span> <span class='ocrx_word' id='word_1_298' title='bbox 809 3271 1004 3325; x_wconf 87' lang='lat' dir='ltr'><strong>renovamus,</strong></span> <span class='ocrx_word' id='word_1_299' title='bbox 1019 3264 1048 3312; x_wconf 91' lang='lat' dir='ltr'><strong>et</strong></span> <span class='ocrx_word' id='word_1_300' title='bbox 1061 3269 1130 3310; x_wconf 90' lang='lat' dir='ltr'><strong>con·</strong></span> 
     </span>
     <span class='ocr_line' id='line_1_38' title="bbox 107 3333 1127 3412; baseline -0.008 -18"><span class='ocrx_word' id='word_1_301' title='bbox 107 3365 125 3394; x_wconf 72' lang='lat' dir='ltr'><strong>s·</strong></span> <span class='ocrx_word' id='word_1_302' title='bbox 157 3335 338 3405; x_wconf 85' lang='lat' dir='ltr'><strong>firmamus,</strong></span> <span class='ocrx_word' id='word_1_303' title='bbox 355 3350 410 3392; x_wconf 91' lang='lat' dir='ltr'><strong>nec</strong></span> <span class='ocrx_word' id='word_1_304' title='bbox 431 3352 491 3393; x_wconf 91' lang='lat' dir='ltr'><strong>non</strong></span> <span class='ocrx_word' id='word_1_305' title='bbox 514 3334 706 3412; x_wconf 76' lang='lat' dir='ltr'><strong>imposterum</strong></span> <span class='ocrx_word' id='word_1_306' title='bbox 724 3337 761 3395; x_wconf 89' lang='lat' dir='ltr'><strong>ab</strong></span> <span class='ocrx_word' id='word_1_307' title='bbox 782 3337 919 3395; x_wconf 88' lang='lat' dir='ltr'><strong>omnibus</strong></span> <span class='ocrx_word' id='word_1_308' title='bbox 941 3344 971 3395; x_wconf 87' lang='lat' dir='ltr'><strong>et</strong></span> <span class='ocrx_word' id='word_1_309' title='bbox 988 3333 1127 3408; x_wconf 84' lang='lat' dir='ltr'><strong>singulis,</strong></span> 
     </span>
     <span class='ocr_line' id='line_1_39' title="bbox 104 3413 1130 3496; baseline -0.01 -19"><span class='ocrx_word' id='word_1_310' title='bbox 104 3448 123 3477; x_wconf 67' lang='lat' dir='ltr'><strong>s·</strong></span> <span class='ocrx_word' id='word_1_311' title='bbox 156 3417 201 3476; x_wconf 85' lang='lat' dir='ltr'><strong>ad</strong></span> <span class='ocrx_word' id='word_1_312' title='bbox 230 3433 305 3491; x_wconf 90' lang='lat' dir='ltr'><strong>quos</strong></span> <span class='ocrx_word' id='word_1_313' title='bbox 333 3426 465 3495; x_wconf 86' lang='lat' dir='ltr'><strong>spectat,</strong></span> <span class='ocrx_word' id='word_1_314' title='bbox 490 3425 520 3477; x_wconf 88' lang='lat' dir='ltr'><strong>et</strong></span> <span class='ocrx_word' id='word_1_315' title='bbox 544 3420 576 3477; x_wconf 90' lang='lat' dir='ltr'><strong>in</strong></span> <span class='ocrx_word' id='word_1_316' title='bbox 610 3420 744 3479; x_wconf 85' lang='lat' dir='ltr'><strong>laturum</strong></span> <span class='ocrx_word' id='word_1_317' title='bbox 774 3421 914 3496; x_wconf 89' lang='lat' dir='ltr'><strong>spectabit</strong></span> <span class='ocrx_word' id='word_1_318' title='bbox 945 3418 999 3475; x_wconf 88' lang='lat' dir='ltr'><strong>sub</strong></span> <span class='ocrx_word' id='word_1_319' title='bbox 1028 3413 1130 3470; x_wconf 88' lang='lat' dir='ltr'><strong>iisdem</strong></span> 
     </span>
     <span class='ocr_line' id='line_1_40' title="bbox 105 3499 1131 3581; baseline -0.008 -20"><span class='ocrx_word' id='word_1_320' title='bbox 105 3532 122 3561; x_wconf 70' lang='lat' dir='ltr'><strong>n</strong></span> <span class='ocrx_word' id='word_1_321' title='bbox 155 3501 261 3581; x_wconf 80' lang='lat' dir='ltr'><strong>pannis</strong></span> <span class='ocrx_word' id='word_1_322' title='bbox 298 3499 330 3559; x_wconf 89' lang='lat' dir='ltr'><strong>in</strong></span> <span class='ocrx_word' id='word_1_323' title='bbox 374 3503 632 3564; x_wconf 90' lang='lat' dir='ltr'><strong>constitutionibus</strong></span> <span class='ocrx_word' id='word_1_324' title='bbox 671 3505 845 3563; x_wconf 88' lang='lat' dir='ltr'><strong>corumdem</strong></span> <span class='ocrx_word' id='word_1_325' title='bbox 886 3500 1131 3578; x_wconf 84' lang='lat' dir='ltr'><strong>praedecessorum</strong></span> 
     </span>
    </p>

    <p class='ocr_par' dir='ltr' id='par_1_5' title="bbox 103 3578 1131 3657">
     <span class='ocr_line' id='line_1_41' title="bbox 103 3578 1131 3657; baseline -0.007 -17"><span class='ocrx_word' id='word_1_326' title='bbox 103 3616 123 3641; x_wconf 66' lang='lat' dir='ltr'><strong>s·</strong></span> <span class='ocrx_word' id='word_1_327' title='bbox 157 3591 341 3644; x_wconf 88' lang='lat' dir='ltr'><strong>nostrorum</strong></span> <span class='ocrx_word' id='word_1_328' title='bbox 357 3583 559 3646; x_wconf 84' lang='lat' dir='ltr'><strong>Romanorum</strong></span> <span class='ocrx_word' id='word_1_329' title='bbox 587 3588 786 3657; x_wconf 85' lang='lat' dir='ltr'><strong>Pontificum,</strong></span> <span class='ocrx_word' id='word_1_330' title='bbox 813 3595 845 3644; x_wconf 89' lang='lat' dir='ltr'><strong>et</strong></span> <span class='ocrx_word' id='word_1_331' title='bbox 863 3580 987 3642; x_wconf 89' lang='lat' dir='ltr'><strong>decretis</strong></span> <span class='ocrx_word' id='word_1_332' title='bbox 1009 3578 1131 3636; x_wconf 81' lang='lat' dir='ltr'><strong>Consilii</strong></span> 
     </span>
    </p>
   </div>
   <div class='ocr_carea' id='block_1_3' title="bbox 0 0 1335 4150">
    <p class='ocr_par' dir='ltr' id='par_1_6' title="bbox 0 0 1335 4150">
     <span class='ocr_line' id='line_1_42' title="bbox 0 0 1335 4150; baseline 0 0"><span class='ocrx_word' id='word_1_333' title='bbox 0 0 1335 4150; x_wconf 95' lang='lat' dir='ltr'><strong> </strong></span> 
     </span>
    </p>
   </div>
  </div>
 </body>
</html>
