2642 4150
179 167 241 232 ato
559 208 564 214 -
615 162 775 247 dppeadr'o
862 165 865 170 ’
972 171 976 176 ’

218 267 271 330 rx.
296 266 457 330 nubitum·
485 269 515 330 5.
537 284 577 329 an
597 268 900 329 excommunicatione
926 269 1106 345 irretiatur,
1131 275 1191 353 qui

179 354 261 415 audit
282 353 410 416 uiuorum
428 354 539 418 librum
551 350 726 413 hoereticum
745 353 918 430 legentem?
936 356 995 414 Alii
1016 356 1190 429 affirmant,

178 442 285 517 leym.
304 433 404 509 Acer,
422 441 507 511 eto,
530 436 581 499 sed
606 436 794 498 communius
815 447 845 498 et
867 438 1051 516 probabilius
1078 452 1193 520 negant

178 524 250 593 aiii,
265 522 353 583 modo
375 541 436 584 uon
449 522 600 583 induxerit
616 521 742 583 alterurn
762 522 799 582 ad
812 522 985 601 ¹legendum.
998 526 1086 605 Spor.
1109 535 1132 586 t.
1152 531 1187 587 t.

178 625 211 689 p.
232 608 300 669 tui.
321 625 354 672 u.
377 609 425 666 55.
440 615 469 667 et
494 605 584 667 Croioc
608 602 630 664 l.
650 606 681 666 7.
701 624 734 665 o.
757 604 1187 690 542.cum8ptv.1>ipncret.

178 693 266 772 seyr.
278 699 331 752 etc.
353 692 420 752 laad
442 687 517 761 citi,
533 687 642 750 Sonti.
659 693 730 749 Dec.
747 685 797 749 tto.
813 693 843 750 r.
861 708 886 750 e.
903 693 950 750 t0.
967 710 1000 750 u.
1017 694 1068 753 48.
1087 695 1186 755 duur.

179 775 266 854 Dicp.
286 778 317 835 2.
340 793 373 855 p.
392 778 439 835 ii).
458 773 488 853 S.
513 773 543 833 d.
565 791 599 833 a.
613 773 644 832 d.
664 790 732 832 eum
756 772 895 836 Contactu.
919 782 948 833 et
969 776 1187 857 Benacum.

180 859 209 920 i.
225 878 276 941 pu.
291 864 328 922 2.
340 877 373 941 p.
391 863 421 922 d.
436 878 468 920 a.
483 861 531 919 ti.
544 875 612 919 eum
626 860 707 919 Nou.
721 861 790 938 nep.
805 866 858 918 etc.
875 858 972 919 adhuc
990 862 1189 937 probabiliter

178 953 336 1020 excusant,
351 946 464 1007 etiarnsi
478 942 648 1014 induxerit,
675 955 705 1003 et
715 943 764 1002 alii
776 943 897 1023 sporo,
911 946 1024 1019 donoc,
1040 953 1069 1005 et
1081 946 1184 1025 Stcpk.

179 1027 261 1107 apud
273 1029 319 1089 ta
330 1027 420 1090 Ccoiu
432 1027 489 1089 ioc.
503 1028 710 1093 eitcxcusaut,
733 1025 829 1087 adhuc
844 1026 861 1087 d
875 1038 1011 1105 peccato,
1025 1029 1049 1089 si
1062 1031 1185 1091 audiens

178 1112 296 1172 uuilum
309 1130 346 1172 ex
367 1113 518 1173 auditione
536 1113 640 1172 timeat
659 1110 771 1170 morale
791 1111 958 1189 periculum
975 1115 1185 1191 perversionis.

216 1196 257 1256 X.
272 1196 440 1258 Notandum
463 1198 603 1273 insuper,
627 1193 708 1273 quod
723 1212 783 1254 non
796 1204 866 1255 sunt
882 1197 1026 1275 prohibiti
1048 1198 1117 1258 libri
1136 1216 1189 1257 cn-

178 1277 377 1351 tholieorum,
398 1281 450 1359 qui
470 1279 560 1340 verba
587 1278 794 1339 haereticurum
811 1279 944 1342 referunt
962 1282 1001 1341 ad
1016 1300 1066 1342 eos
1081 1282 1188 1341 coniu-

179 1364 302 1440 taudos,
324 1373 359 1425 ut
380 1375 482 1425 omues
501 1362 698 1425 communiter
717 1362 834 1422 docent.
851 1365 958 1443 Lapat.
982 1361 1039 1425 loc.
1054 1362 1102 1424 cit.
1115 1382 1186 1424 curre
1281 1363 1285 1368 ’

179 1450 261 1509 Neo.
281 1456 313 1510 et
330 1448 438 1510 Sanco.
460 1465 495 1509 uc
518 1448 614 1522 Azor,
637 1443 786 1528 Pipnutod
809 1452 838 1506 ot
863 1451 976 1509 Bonae.
993 1447 1075 1529 opud
1093 1448 1187 1508 croix

179 1529 232 1596 tit.
248 1535 277 1596 7.
296 1553 328 1596 ra.
351 1537 419 1595 555.
439 1550 536 1613 neque
551 1531 621 1593 libri
635 1532 861 1602 catholicorum,
878 1533 929 1593 ubi
944 1534 1050 1594 adsunt
1060 1533 1187 1609 alicujus

179 1615 309 1678 haeretici
336 1626 526 1687 notamenta,
555 1619 618 1678 sive
649 1615 757 1676 scholia
787 1636 796 1675 c
826 1617 988 1678 dummodo
1010 1618 1190 1695 (sapienter

179 1701 409 1763 iimitautSuur.
430 1699 578 1784 Pipoatet.
598 1700 665 1777 cto.)
683 1697 853 1777 hujusmodi
870 1710 1032 1762 nocumento
1046 1719 1104 1759 non
1119 1701 1188 1764 siut

179 1782 240 1846 tim
260 1787 398 1865 eopiosa,
414 1794 449 1846 ut
470 1782 568 1864 potide
588 1785 664 1844 liber
678 1784 761 1856 illis,
779 1784 867 1861 qudru
887 1786 999 1863 seriptis
1021 1784 1156 1843 Auctoris
1174 1830 1187 1858 ,

179 1877 302 1931 constet.
323 1871 413 1932 Socer.
435 1869 557 1951 Pipnut.
581 1876 634 1929 eto.
653 1866 738 1948 opud
760 1867 849 1928 croix
867 1866 890 1928 i.
909 1872 939 1930 7.
955 1887 987 1929 a.
1004 1867 1189 1945 tinuoque

179 1954 250 2015 libri
281 1954 509 2025 haereticorum,
540 1952 593 2031 qui
620 1952 659 2011 dc
687 1952 743 2011 alia
766 1955 887 2012 materia
917 1961 1067 2024 tractant,
1093 1953 1187 2030 quim

179 2037 351 2123 spirituali,
378 2048 411 2101 ut
432 2039 583 2108 diximus,
609 2034 660 2097 sed
687 2035 797 2113 absque
816 2037 877 2098 ullo
902 2054 1027 2113 errore3
1046 2053 1116 2097 uam
1138 2037 1188 2114 (ut

178 2124 308 2185 diximus
324 2126 416 2205 copiti
433 2140 466 2184 a.
484 2121 534 2200 V.)
554 2120 689 2200 quamvis
708 2122 757 2181 vel
777 2122 857 2182 solus
876 2129 950 2181 ecset
968 2139 1070 2191 error,
1089 2118 1187 2180 adhue

180 2208 343 2283 perieulum
365 2208 471 2267 inccrat
492 2205 591 2284 libro,
614 2203 761 2284 quidquid
779 2205 870 2284 aliqui
892 2205 993 2268 dicunt
1004 2249 1016 2282 ,
1039 2205 1116 2265 liber
1135 2221 1187 2263 re·

179 2287 248 2349 veri
263 2291 417 2350 damnatus
437 2290 549 2350 existit.
587 2330 591 2337 .
795 2330 798 2337 -

216 2373 270 2432 Xi.
288 2376 448 2435 Incurrunt
469 2382 569 2435 autom
587 2372 922 2435 excommunicationem
941 2387 1003 2433 uon
1024 2370 1122 2433 solium
1140 2372 1187 2431 ie·

178 2465 279 2533 gentes
297 2456 390 2518 libros
408 2457 616 2521 hereticorum
639 2458 804 2537 prohibitos
830 2465 863 2517 ut
887 2454 999 2536 cupri,
1023 2456 1189 2517 sedetiam

179 2545 230 2621 qui
246 2542 312 2603 illos
327 2543 470 2604 retinent.
487 2544 674 2621 Quapropter
686 2544 738 2619 qui
760 2558 810 2603 eos
825 2540 935 2613 habet,
951 2549 1070 2601 tenetur
1081 2557 1190 2615 quam·

177 2625 311 2706 primum
332 2624 425 2703 juxta
449 2635 628 2706 praeceptum
649 2625 704 2686 Po·
731 2628 751 2686 1
755 2628 791 2688 V.
815 2624 931 2686 tradere
955 2624 1004 2684 vel
1029 2623 1188 2700 inquisitu·

177 2709 261 2769 ribus
274 2752 283 2782 ,
297 2711 344 2770 vel
358 2712 519 2789 Episcopis.
542 2712 579 2769 Et
599 2709 750 2786 loquendo
771 2708 810 2768 de
834 2709 933 2785 regnis
956 2706 1009 2767 ubi
1031 2707 1114 2784 viget
1138 2705 1190 2764 in·

179 2791 318 2868 quisitiu,
330 2792 404 2852 dicit
414 2797 454 2855 P.
467 2796 579 2856 Suurer
589 2810 655 2853 cum
669 2789 741 2853 otiis
752 2790 856 2869 (Baria.
867 2789 982 2850 Dicam.
1000 2787 1084 2870 opud
1096 2786 1189 2850 cmix

178 2873 231 2935 tit.
248 2875 279 2936 7.
290 2890 323 2936 te.
343 2876 426 2955 555.)
447 2876 599 2939 incurrere
616 2876 772 2938 consuram
795 2877 884 2936 etiam
906 2875 958 2952 qui
987 2874 1101 2934 librum
1122 2890 1188 2934 nou

172 2956 288 3030 tradit,
309 2962 443 3036 quumvis
470 2958 634 3021 comburat.
665 2959 721 3018 Sed
745 2958 942 3020 communiter
969 2963 1110 3027 excusant
1134 2955 1188 3019 aiii

176 3038 283 3120 (Scim.
306 3060 371 3124 cup.
391 3047 420 3105 i.
441 3062 475 3106 u.
489 3046 537 3105 75.
555 3045 585 3103 et
608 3041 872 3105 detritionem
892 3039 1001 3102 mart.
1021 3037 1186 3121 Pipaetcit

176 3131 207 3183 et
224 3120 358 3204 ritttac.)
388 3128 456 3206 quin
486 3128 533 3204 (ut
558 3124 654 3203 dunt)
681 3128 733 3203 qui
762 3126 874 3187 librum
902 3123 1052 3198 destruit,
1080 3124 1189 3200 nequit

176 3207 304 3293 amplida
325 3210 383 3270 dici
411 3211 491 3288 qudd
510 3209 647 3269 retinent.
672 3212 717 3269 De
741 3221 847 3271 caeiero
869 3227 930 3270 non
956 3216 1114 3269 excusatur
1132 3206 1189 3283 qui

177 3292 289 3353 librum
301 3294 410 3353 retinet
425 3294 517 3353 etiam
529 3292 650 3352 nomine
665 3294 787 3354 alterius
801 3337 812 3362 ,
825 3294 914 3370 verb.»
924 3311 971 3370 gr.
984 3291 1019 3351 iu
1032 3289 1187 3367 deposito,

173 3383 304 3455 mutuo,
330 3384 382 3435 cut
406 3375 550 3452 pignore,
574 3392 628 3434 nee
652 3379 705 3454 qui
734 3378 845 3437 librum
868 3393 957 3437 cuum
974 3372 1075 3449 'tradit
1089 3372 1191 3434 ,alteri

177 3456 214 3516 ad
227 3457 388 3518 tenendum
400 3499 408 3528 ,
427 3458 496 3534 quin
515 3467 632 3519 retentu
650 3460 706 3537 sibi
724 3460 879 3535 dominio,
895 3461 957 3538 ipse
970 3458 1060 3518 etiam
1072 3454 1192 3516 dieitur

178 3540 331 3614 retinere,
347 3539 415 3602 edm
437 3541 528 3620 possit
548 3542 634 3604 illu'm
656 3562 711 3607 suo
734 3545 859 3606 arbitrio
876 3549 1032 3622 repetere,
1051 3539 1096 3619 ita
1119 3539 1194 3602 DI).
