2642 4150
25 245 28 280 ,
106 218 107 221 ’
205 204 243 265 on
400 203 446 266 Dc
463 216 657 268 coacturum
672 196 792 283 Poetis.
807 198 949 276 decretis,
965 207 1017 266 etc.

24 361 26 370 ,
206 330 219 357 ιι
245 305 371 367 nastcria
384 305 439 365 sita
452 304 665 383 reperiuntur,
677 310 708 364 ct
723 301 909 382 qudcumque
925 301 1056 381 legitimi
1068 300 1148 366 tituli
1163 307 1209 371 cel

23 405 27 450 t
205 412 219 443 ιι
243 389 464 452 consuetudinis
486 387 572 449 causi
591 396 622 448 ct
642 389 810 460 occasione,
833 389 965 467 ingressu
983 386 1152 465 huiusmodi
1174 392 1209 451 dc
1289 456 1291 461 ,

206 498 219 526 ι
244 476 380 552 praesenti
403 472 549 552 gaudent,
568 472 651 534 iactae
668 481 700 534 et
717 472 876 551 Impertite
893 472 1034 548 luerunt3
1048 474 1207 536 dummodo

206 583 219 611 ιι
244 560 443 620 concessiones
455 556 625 633 hujusmodi
638 558 874 636 perapostoIIeas
887 557 919 616 in
932 557 1022 617 simili
1036 558 1130 618 forma
1141 561 1208 621 Bre-

178 673 189 702 ι
204 669 218 696 ιι
242 645 307 717 uls,
323 645 370 704 vel
393 644 449 704 sub
466 643 589 722 plumbo
599 641 726 721 desuper
741 642 889 720 expeditos
908 643 1019 702 litteras
1039 643 1205 715 dumtaxat,

205 753 218 781 ιι
243 738 273 790 et
289 747 349 790 non
362 729 446 789 aliter
465 726 589 790 omniuo
607 728 695 787 iactas
709 736 739 788 et
755 728 920 804 Impertites
932 726 1019 786 luisse
1032 726 1113 805 pritis
1123 730 1206 790 Ordi-

203 836 217 867 ιι
242 815 331 874 nuriis
352 816 484 873 Iocorum
497 857 505 881 ,
519 812 726 884 Antistitihus,
742 813 795 885 vel
809 812 983 890 praesulibus
1005 831 1059 888 por
1078 814 1205 893 IegitIma

203 924 217 951 ιι
241 908 272 958 ct
294 896 460 958 authentica
481 897 656 979 documenta
678 906 810 957 constare
825 896 970 971 IeccrInt3
995 905 1025 956 et
1045 900 1205 975 dummodo

204 1007 226 1035 ιι.
242 999 296 1043 nce
319 983 465 1061 vagandi,
489 999 543 1058 nec
565 981 699 1054 otiandi,
724 997 778 1041 nec
799 980 970 1041 comedendi
993 982 1203 1061 coenandique,

203 1092 216 1119 ιι
241 1083 295 1127 nec
313 1085 367 1145 per
385 1065 574 1138 ambulacra,
598 1066 751 1133 cubicula,
770 1066 936 1139 coenacula,
962 1066 1075 1143 aliaque
1095 1066 1156 1126 loca
1177 1076 1206 1128 ct

203 1174 216 1203 ιι
241 1151 370 1211 cilicinas
392 1150 576 1211 discurrendi
600 1152 707 1222 cousi,
731 1149 781 1210 scd
808 1150 845 1210 ad
866 1150 1006 1211 Ecclesias
1030 1152 1203 1222 accedendI,

202 1259 215 1289 ιι
238 1244 453 1296 sacrosanctum
461 1236 556 1295 missos
563 1234 739 1295 sacrificium
749 1232 886 1294 audiendi
900 1234 1028 1311 ,aliaque
1037 1251 1103 1312 erga
1111 1237 1204 1296 Deum

201 1346 215 1373 ιι
237 1322 353 1400 pietatis
374 1320 468 1380 officia
487 1330 516 1379 et
533 1337 622 1398 opera
647 1319 802 1380 exercendi
820 1318 918 1379 studIo
936 1320 1140 1397 ingrediantur
1153 1342 1162 1397 3
1175 1332 1203 1381 et

200 1430 214 1458 ι
238 1404 400 1466 dommodo
416 1404 453 1466 de
473 1422 575 1464 earum
596 1404 744 1477 adventu,
760 1412 792 1465 et
809 1404 939 1482 ingressu
963 1403 1091 1464 interdici
1109 1413 1138 1464 et
1152 1422 1205 1483 op·

201 1516 214 1543 ι
238 1488 365 1569 portani
381 1488 535 1559 iaciendo,
550 1489 718 1568 superiores
732 1508 787 1568 pro
806 1496 940 1565 tempore
952 1488 1107 1549 existentes
1121 1487 1204 1569 priis

199 1601 212 1628 ιι
238 1575 375 1635 certiores
392 1572 482 1644 fiant,
499 1572 536 1632 ad
558 1573 631 1644 hoe,
647 1582 681 1632 ut
699 1573 946 1651 absquesratrum
967 1572 1153 1633 incommodo
1175 1582 1204 1634 et

199 1684 212 1711 ιι
237 1658 419 1726 offensione,
440 1664 521 1716 recto
543 1658 660 1720 tramite
677 1657 715 1718 ad
730 1658 886 1718 Ecclesiam
908 1665 1070 1735 pergatur,
1093 1665 1125 1715 et
1147 1657 1202 1716 alia

199 1767 212 1795 ιι
237 1741 274 1801 de
290 1741 359 1818 jure
373 1741 514 1799 serrantia
535 1751 700 1803 serventur.
720 1743 894 1803 »Volumus
909 1751 1025 1807 autem,
1039 1748 1074 1801 ut
1086 1759 1204 1800 eorum·

133 1861 135 1864 v
198 1827 266 1887 dem
284 1823 474 1902 praesentium
487 1825 655 1885 litterarum
676 1827 885 1906 transumptis,
905 1832 962 1887 etc.
982 1827 1090 1885 Datum
1102 1826 1218 1904 Ilommv
1261 1877 1265 1881 .

199 1910 278 1989 apud
304 1910 441 1969 Sanctam
463 1910 585 1969 uariam
606 1910 748 1987 Maiorem
769 1911 826 1970 sub
846 1910 956 1970 annulo
975 1908 1130 1969 Piscatoris
1154 1908 1205 1970 die

197 1995 284 2055 tertii
301 1991 429 2070 januarii
452 1993 608 2058 millesimo
627 1997 887 2077 septingentesimo
911 1994 1134 2075 quadragesimo
1156 2012 1204 2055 se·

197 2080 311 2153 cundo,
332 2076 519 2140 concitemus
536 2081 630 2143 nostri
652 2099 730 2144 anno
751 2079 892 2144 secundo.

547 2252 751 2313 euenerunt
764 2254 845 2313 VIII.

235 2424 330 2500 Super
341 2419 541 2481 aaoeitatoniia
552 2404 754 2482 haereticorum
768 2423 802 2483 ica
815 2420 979 2486 uottandta
992 2431 1021 2485 et
1033 2421 1148 2506 Belpair.

214 2602 218 2607 ·
232 2591 436 2662 lisitrinronia,
450 2610 516 2670 quaa
526 2592 555 2652 ln
567 2591 638 2652 locis
649 2590 858 2654 Ioedcratonum
872 2592 1012 2653 ordinum
1023 2592 1157 2656 dominio
1168 2597 1202 2657 in

193 2675 292 2752 IchpIo
306 2676 444 2753 subjectis
458 2677 527 2737 lnIri
544 2677 658 2753 solent,
683 2679 745 2738 sive
763 2679 841 2738 iuter
852 2675 1004 2738 haereticos
1020 2688 1202 2759 cautasque

194 2771 291 2835 pictate,
305 2762 367 2820 sice
377 2763 453 2821 Inter
465 2761 634 2821 haereticum
648 2780 685 2822 cx
696 2781 753 2822 uua
763 2772 846 2841 parte
858 2764 969 2834 virum,
983 2771 1013 2822 et
1024 2760 1201 2825 catholicam

192 2844 343 2904 licrrrinam
365 2864 401 2904 ex
417 2845 495 2916 alia,
515 2853 566 2904 aut
581 2847 747 2921 vicoversi,
764 2866 824 2908 non
842 2848 955 2908 servati
976 2847 1070 2907 sormi
1084 2846 1102 2907 'a
1115 2866 1201 2910 sacro

193 2926 368 2992 Tridentino
380 2929 509 2989 Concilio
531 2928 835 3008 proscripseramus
852 2931 947 2993 valida
970 2931 1105 2990 habenda
1118 2933 1200 3004 mut,

119 3009 124 3019 '
192 3028 245 3069 nce
260 3029 316 3080 nc,
340 3009 392 3071 diis
411 3010 599 3090 multirmquc
612 3012 805 3092 disceptatum
819 3026 883 3088 cst,
898 3016 1005 3076 animis
1016 3014 1175 3077 hominum
1190 3061 1201 3090 ,

191 3113 224 3152 ac
237 3097 388 3156 sententiis
405 3094 566 3156 indiverso
588 3096 733 3173 distractis
749 3121 758 3175 3
770 3100 801 3160 id
813 3101 893 3179 quod
905 3102 975 3161 satis
999 3099 1124 3160 uberem
1144 3119 1203 3160 an-

190 3180 306 3239 xietatis
318 3196 331 3251 ,’
342 3199 375 3239 ac
388 3181 585 3258 periculorum
601 3193 762 3244 sementem
775 3204 830 3265 per
847 3186 956 3246 multos
971 3202 1064 3255 annos
1083 3184 1204 3244 submi-

191 3264 342 3340 nistravit,
358 3283 451 3343 quum
469 3267 633 3342 pressorum
649 3269 801 3348 Episcopi,
820 3268 957 3348 parochi,
975 3275 1064 3346 atquc
1076 3267 1205 3329 illerum

189 3350 344 3427 regionum
358 3349 534 3409 missionarii
555 3349 630 3410 nihil
644 3353 716 3412 certi
732 3353 787 3414 hac
802 3371 932 3432 superne
944 3352 1107 3424 haberent,
1122 3351 1204 3413 alhil

187 3434 259 3495 nortl
273 3435 438 3494 inconsulti
460 3434 558 3494 sancti
576 3434 651 3494 Sede
667 3437 809 3499 auderent
826 3445 975 3509 statuere,
987 3437 1204 3497 ac'declarerc.

188 3516 261 3577 Ciam
274 3527 372 3579 autem
386 3562 396 3591 ,
419 3517 553 3596 proxime
565 3520 691 3580 evolutis
702 3523 805 3597 anuis,
823 3524 855 3583 ln
869 3532 930 3583 tam
941 3521 1062 3600 anpriti
1075 3565 1084 3592 ,
1096 3521 1206 3598 gravi·

188 3617 246 3674 qne
264 3619 348 3663 causa
360 3603 525 3681 apostolieae
541 3602 623 3664 Sedis
638 3602 784 3681 judicium
802 3604 1005 3669 uehementius
1023 3623 1205 3685 exposcere·
