2642 4150
157 223 216 294 l‘l'o
344 267 349 268 ff
372 231 417 291 Da
429 244 618 291 vmuonoram
633 223 747 307 Pontis.
760 223 898 300 hortis,
912 233 966 289 cte.

157 332 227 410 ipsis
242 329 436 413 originalibus
449 331 556 391 litteris
566 327 775 403 adhiberetur,
794 327 820 392 si
841 328 938 391 serent
959 323 1096 390 exhibite
1112 330 1162 391 vel

156 426 289 561 oslllllll·
301 519 371 579 ergo
390 498 546 559 hominum
566 497 653 559 liceat
674 496 750 558 hanc
770 497 907 575 paginam
931 503 1040 557 nostrae
1063 495 1161 559 decla-

157 586 301 659 rationis,
326 583 549 655 damnationis,
578 582 710 643 mandati
728 625 737 655 ,
765 578 996 660 prohibitionis,
1019 588 1049 640 et
1067 580 1161 644 inter·

157 669 293 730 dictionis
317 669 499 747 infringere,
520 675 571 727 aut
594 668 631 727 ei·
647 684 721 725 ausu
748 665 905 725 temerario
934 661 1108 724 contraire:
1134 668 1160 728 si

157 753 223 832 quis
235 763 334 813 autem
350 753 406 814 hoc
421 758 566 812 attentare
580 749 811 831 praesumpserit,
824 748 1055 827 indignationem
1065 751 1162 811 eruni-

158 839 285 915 potentis
307 839 361 899 Ilei
380 858 413 898 ac
437 837 592 897 beatorum
615 835 695 896 Petri
714 841 746 895 et
768 834 851 895 Pauli
874 833 1073 913 apostolorum
1098 832 1162 910 ejus

157 923 326 983 sanaverit
351 925 553 983 incursurum.

197 1006 305 1067 Datum
329 1008 454 1078 Romae,
474 1004 552 1083 apud
579 1011 710 1064 sanctam
729 1003 859 1070 ‚Mariam
887 999 1051 1078 Maiorem,
1082 1019 1160 1063 anno

160 1089 375 1152 iucarnationis
401 1089 563 1151 Dominicaa
578 1090 736 1150 millesimo
751 1087 992 1165 octingentesimo
1009 1086 1162 1164 vigesimo·

159 1175 257 1251 primo
270 1219 279 1246 ,
298 1175 396 1236 idibus
416 1174 609 1254 septembris,
622 1172 812 1235 Pontificatus
825 1172 918 1232 nostri
932 1183 1009 1232 anno
1022 1171 1162 1251 vigesimo

158 1259 298 1321 secundo.

196 1348 264 1407 Nou
287 1346 382 1408 multb
401 1354 467 1425 post
488 1344 597 1406 editam
614 1342 690 1403 hanc
709 1341 795 1419 blfio
816 1342 888 1403 VII.
905 1340 1161 1414 constitutionem,

159 1428 202 1507 ad,
218 1448 387 1509 supremam
408 1430 486 1491 beati
508 1429 586 1489 Petri
610 1425 780 1487 cathedram
806 1426 897 1485 nullis
915 1425 1022 1485 nostris
1049 1425 1166 1486 meritis

159 1516 252 1573 evecti
280 1533 333 1578 nos
358 1515 469 1575 suimus
490 1534 499 1573 r
524 1522 555 1574 ct
577 1509 719 1573 continui)
743 1527 862 1570 omnem
889 1516 1019 1569 nostram
1042 1526 1165 1587 operam

159 1601 359 1661 convertimus
374 1600 410 1659 ad
420 1599 634 1677 detegendum,
645 1598 715 1673 quis
731 1595 1062 1656 essetclandestinarnm
1072 1604 1167 1655 secta·

159 1701 227 1743 rum
242 1691 355 1758 status,
376 1684 442 1762 quis
452 1700 613 1754 numerus,
631 1699 698 1759 que
711 1680 852 1759 potantia.
873 1680 942 1738 ilaec
957 1679 1138 1756 inquirentes
1153 1723 1163 1747 ,

160 1767 243 1829 facile
258 1767 477 1837 intelleximus,
502 1766 627 1827 crevisse
650 1766 771 1825 illarum
794 1764 978 1824 insolentiam
992 1785 1002 1842 3
1019 1763 1166 1842 praecipue

161 1852 199 1914 eb
216 1870 318 1920 aarum
342 1849 563 1913 multitudinem
585 1849 670 1910 navis
689 1850 774 1910 sectis
793 1856 908 1910 auctam
923 1868 931 1907 ε
947 1866 984 1907 ex
1007 1848 1115 1927 quibus
1128 1866 1165 1908 ea

161 1937 322 2016 prasertim
341 1934 529 1996 memoranda
546 1942 590 1995 cst
605 1978 613 2005 ,
627 1952 694 2013 que
713 1931 925 1993 uniuersitario
940 1933 1066 2009 dicitur,
1083 1932 1167 2011 quiid

160 2018 260 2080 sedem
280 2028 310 2082 et
330 2020 514 2082 domicilium
532 2019 564 2080 in
590 2018 727 2098 pluribus
746 2017 913 2079 studiorum
927 2017 1169 2078 universitatibus

160 2102 284 2179 habeut,
304 2106 336 2167 in
356 2106 463 2185 quibus
486 2103 610 2182 juvenes
632 2102 650 2163 b
670 2102 822 2165 nonnullis
847 2104 1018 2182 magistris,
1038 2102 1089 2181 qui
1114 2119 1168 2161 cas

161 2206 223 2250 non
251 2190 356 2251 docere
391 2189 442 2250 sed
476 2197 645 2268 pervertere
675 2187 824 2264 studeat,
855 2185 986 2264 ejusdem
1019 2186 1169 2265 mysteriis

161 2271 239 2350 (quae
253 2275 418 2352 iniquitatis
431 2273 571 2353 mysteria
590 2272 742 2333 verissime
755 2271 897 2351 appellari
919 2269 1039 2348 debent)
1050 2270 1172 2332 initian·

162 2366 229 2429 tur,
252 2365 283 2418 et
298 2358 335 2418 ad
357 2377 445 2419 omne
465 2358 558 2419 scelus
579 2358 788 2418 informantur.

200 2442 272 2503 lndb
288 2442 360 2503 verb
385 2443 505 2516 existit,
524 2442 625 2521 qudd,
647 2451 729 2503 tanto
749 2443 839 2502 ctiam
862 2449 929 2520 post
952 2447 1085 2520 tempore
1105 2459 1170 2520 quo

161 2525 293 2604 primdm
315 2527 525 2608 perduellionis
549 2527 625 2588 iaces
644 2526 677 2586 in
702 2527 817 2604 Europa
841 2524 858 2585 ia
878 2526 962 2586 sectis
981 2525 1171 2585 clandestinis

161 2629 216 2689 prr
242 2621 446 2673 consectaneus
472 2629 540 2671 siras
564 2609 755 2671 inflammatae
778 2614 809 2670 et
831 2611 1025 2683 elabamur,
1049 2617 1172 2688 etpost

162 2704 322 2775 reportatas
347 2696 364 2757 d
386 2697 596 2776 potentissimis
618 2697 742 2773 Europae
767 2694 951 2774 principibus
980 2693 1172 2774 praeclarissi-

162 2798 225 2840 mas
238 2782 393 2854 victorias,
407 2782 514 2858 quibus
532 2781 591 2841 illae
613 2779 842 2858 comprimenda
863 2778 1077 2858 sperabantur,
1090 2795 1171 2838 non·

163 2863 235 2923 dum
264 2873 363 2925 umen
394 2866 499 2925 nefarii
531 2882 635 2925 corum
660 2872 780 2923 conatus
808 2862 899 2923 finem
929 2860 1107 2923 hahuerunt.
1131 2863 1171 2923 ln

164 2947 221 3007 illis
245 2950 325 3008 enim
356 2948 426 3027 ipsis
449 2948 636 3026 regionibus,
658 2949 690 3008 in
711 2947 817 3026 quibus
833 2949 964 3027 pristinas
983 2953 1172 3024 tempestates

162 3032 361 3109 conquievisse
387 3031 549 3104 videntur,
570 3032 621 3109 qui
650 3039 747 3091 metus
771 3040 816 3092 est
840 3050 985 3093 novarum
1011 3031 1172 3092 turbarum

163 3125 193 3175 ct
208 3115 408 3189 seditionum,
431 3134 503 3195 quas
533 3117 591 3176 illae
610 3126 696 3177 secte
713 3114 857 3196 perpetui
884 3117 1077 3177 moliuntur?
1098 3115 1175 3188 Qua

163 3201 322 3279 impiarum
338 3201 466 3262 formido
482 3203 608 3262 sicarum
625 3247 633 3275 ,
649 3221 722 3281 quas
738 3203 769 3261 in
791 3220 894 3262 eorum
909 3202 1080 3282 corporibus
1093 3202 1174 3263 clam
1228 3211 1237 3220 ’

163 3284 312 3363 defigunt,
334 3303 409 3362 ipuos
423 3286 460 3345 ad
481 3295 607 3347 mortem
627 3287 933 3364 designarunttQuet
950 3297 980 3348 et
999 3285 1087 3364 quim
1101 3303 1174 3364 gra-

164 3368 209 3429 via
223 3387 283 3430 non
303 3369 372 3431 rard
393 3370 550 3431 decernere
568 3373 616 3433 vel
639 3372 724 3432 inviti
738 3381 903 3450 coguntur,
917 3371 968 3450 qui
987 3370 1090 3431 iisdem
1099 3388 1176 3434 cnut

165 3462 305 3532 potestate
326 3466 477 3531 proesunt,
498 3463 532 3515 ut
557 3456 706 3534 publicam
724 3457 968 3535 tranquillitatem
987 3459 1156 3516 tueantur?

203 3539 277 3597 inde
300 3539 389 3598 etiam
409 3541 539 3600 existunt
556 3539 751 3600 acerbissime
770 3541 974 3613 calamitates,
992 3539 1101 3620 quihus
1116 3540 1178 3600 Ec-

164 3618 249 3681 clesia
266 3620 327 3684 iere
344 3624 455 3704 ubique
472 3629 615 3700 venatur,
641 3634 672 3684 et
696 3644 768 3704 quas
788 3627 852 3692 siue
877 3626 1004 3702 dolore,
1024 3619 1087 3685 iruh
1106 3622 1180 3685 sine
