2642 4150
445 167 491 226 De
509 161 798 247 prorupissent
816 169 851 228 V.
1092 172 1146 233 191

136 272 199 340 ritb
215 267 389 332 existiment
402 265 512 328 Sonti.
533 264 707 328 minuentis.
728 276 781 328 etc.
804 268 916 347 (eontm
938 270 1091 349 Pontium)
1113 290 1150 334 ex

137 358 207 418 aliis
229 352 411 433 privilegiis,
430 352 591 429 exquibus
614 361 738 429 possunt
753 353 809 429 ipsi
829 352 999 431 dispensare
1014 355 1151 417 inomni·

135 442 307 511 bussolio,
327 439 359 498 in
377 436 485 515 quibus
506 437 603 497 valent
613 435 726 517 dejure
739 435 893 498 ordinario
904 439 1074 518 dispensare
1085 441 1151 517 Epi·

134 526 224 604 scopi
243 542 312 584 cum
332 523 393 583 suis
413 521 549 582 subditis.
568 520 640 584 Vide
660 518 713 582 lib.
735 524 764 582 6.
788 540 818 581 a.
839 523 906 584 987.
919 541 949 584 e.
965 524 1013 583 Aa
1031 530 1149 597 eutem,

135 620 170 675 et
184 629 218 670 a.
238 607 373 670 119816
390 604 484 675 verb,
501 606 581 682 quod
598 607 691 683 magis
705 607 883 685 ambigitur,
905 618 971 682 est,
987 607 1091 670 utnlm
1116 609 1149 670 iu

136 712 209 756 casu
228 692 408 754 necessitatis
423 691 537 768 possint
550 691 719 768 dispensare
733 710 801 751 cum
822 695 951 771 sponsis,
970 703 1005 753 ut
1025 700 1151 771 possunt

136 778 276 856 Episcopi
296 778 417 837 involo
437 774 578 834 castitatis
593 773 630 834 sd
650 776 882 837 contrahendum
903 778 1150 838 matrimonium?

136 862 279 939 Plerique
296 860 466 934 affirment,
491 868 524 917 ut
541 855 718 931 lenticius,
744 858 853 932 vidui,
867 864 1007 922 Bossoeus
1019 906 1027 929 ,
1039 862 1151 923 Heari-

139 963 235 1025 petes,
258 952 311 1004 eto.
332 955 421 1020 quam
441 945 616 1003 sententiam
638 943 821 1022 probabilem
839 942 1149 1019 judicautSolmooti·
1222 965 1224 970 ⁴

140 1045 263 1100 emises,
282 1035 310 1088 et
320 1024 411 1088 sttot.
426 1025 483 1086 Sed
502 1026 689 1088 communius
708 1038 815 1107 negant
827 1031 980 1108 Lepreon,
994 1028 1148 1107 Borbooo,

142 1115 300 1188 ,86118611λ
318 1119 345 1172 et
364 1111 507 1180 Pontias,
522 1111 670 1182 dicentes,
690 1112 769 1189 qubd
790 1114 937 1192 regulares
957 1115 1070 1193 possint
1088 1114 1150 1174 dis·

143 1214 270 1278 pensare
281 1197 376 1258 solium
393 1197 426 1257 in
446 1196 541 1268 votis,
554 1197 586 1256 in
601 1197 709 1274 quibus
722 1198 821 1257 ualent
833 1198 999 1276 dispensare
1015 1200 1148 1277 Episcopi

143 1280 184 1349 de
197 1280 267 1363 jane
285 1278 438 1343 ordinario
447 1321 457 1357 ,
479 1280 529 1339 scd
552 1299 614 1341 non
636 1281 889 1350 extraordinario,
904 1291 936 1341 ut
951 1284 983 1341 in
998 1302 1064 1342 casu
1079 1284 1147 1343 isto.

60 1383 64 1389 ’
142 1367 335 1443 Respondent
355 1374 452 1425 sutem
474 1365 652 1436 adversarii,
668 1366 700 1424 in
718 1383 785 1425 essu
804 1367 981 1425 necessitatis
993 1368 1150 1445 Episcopus

144 1451 238 1511 ctiam
257 1449 293 1509 do
306 1448 373 1530 jotro
391 1448 545 1510 ordinarie
563 1449 752 1526 dispensare,
772 1448 841 1509 crim
860 1449 899 1508 sit
917 1448 1086 1525 hujusmodi
1101 1468 1150 1529 po·

146 1540 241 1594 tostas
257 1551 364 1593 sunem
379 1553 484 1594 eorum
506 1532 602 1592 officio
616 1578 624 1601 ‚
638 1533 791 1610 dignitati,
811 1541 844 1591 ut
860 1532 972 1591 dictum
985 1532 1040 1591 luit
1053 1552 1085 1593 n.
1098 1536 1148 1594 51.

146 1623 177 1678 et
193 1618 242 1677 11.
265 1617 344 1677 Unde
364 1635 425 1678 aon
442 1635 597 1696 possumus
613 1615 723 1678 hebere
736 1626 769 1677 ut
783 1617 1007 1696 improbabilem
1020 1619 1149 1697 primam

141 1702 331 1762 sententiam.
348 1700 421 1763 Vide
439 1699 489 1763 ttt.
513 1704 542 1761 6.
559 1701 595 1763 a.
619 1704 707 1763 1198.
730 1703 763 1763 in
782 1701 838 1781 fia.
937 1777 939 1779 q

183 1788 251 1847 110.
265 1821 305 1833 -
317 1789 369 1849 vt.
386 1786 460 1848 cum
476 1788 665 1848 soecularibus
681 1790 852 1849 conceditur
868 1788 989 1849 iecultos
1000 1788 1148 1868 deligendi

142 1870 202 1931 sibi
223 1873 428 1933 confessarium
441 1882 525 1943 ‚aut
548 1872 565 1931 b
586 1890 702 1932 summo
726 1875 887 1954 Pontifice.
912 1882 964 1932 aut
985 1873 1022 1932 ob
1044 1891 1149 1934 corum
1227 1896 1236 1926 ν

144 1955 322 2028 Ordiuorio,
340 1976 457 2035 semper
475 1959 668 2036 supponitur,
684 1956 761 2034 quid
783 1959 821 2018 sit
840 1958 1030 2017 confessarius
1048 1975 1150 2034 appre-

142 2040 230 2103 batus
247 2042 284 2103 ob
298 2043 526 2121 Episcopopsed
548 2044 697 2120 regulares
716 2061 752 2102 cx
772 2061 924 2122 expressa,
938 2052 989 2101 aut
1005 2043 1089 2102 tacita
1103 2041 1149 2101 sui
1256 2082 1259 2087 -

140 2128 303 2205 superioris
315 2128 431 2188 uocatis
443 2137 565 2207 possunt
579 2128 714 2189 coniitiai
727 2128 902 2205 cuicumque
916 2128 1040 2204 simplici
1056 2144 1149 2186 sacer·

141 2213 224 2274 doti:
238 2211 317 2288 quod
327 2213 525 2273 communiter
536 2212 720 2273 existimatur
730 2232 797 2272 eum
805 2215 933 2288 Suerez,
945 2215 1042 2294 Lupe,
1055 2207 1147 2272 Sulm.
1190 2234 1193 2240 ¹
1222 2219 1224 2221 ’

142 2306 184 2359 tr.
203 2298 251 2358 l8.
271 2315 295 2357 e.
315 2297 345 2355 l.
364 2312 396 2377 p.
418 2297 447 2355 9.
469 2295 495 2376 S.
512 2301 542 2357 9.
555 2316 588 2355 rc.
605 2298 763 2370 lleuare
776 2315 878 2357 omncs
891 2300 1056 2375 superiores
1067 2315 1148 2375 regu·

140 2381 219 2443 lsres
239 2390 363 2460 possunt
382 2381 438 2441 sibi
459 2382 567 2459 eligere
590 2383 621 2441 in
644 2383 851 2441 confessarium
876 2384 1038 2459 quemlibet
1059 2399 1148 2442 sacer·

143 2466 265 2538 dotem,
290 2473 325 2525 ut
345 2465 434 2525 etiem
458 2465 660 2526 communiter
681 2464 784 2524 dicunt
806 2467 871 2523 Di).
889 2484 926 2524 cx
947 2484 1013 2543 cap.
1035 2463 1090 2524 ult.
1115 2462 1150 2524 de

143 2549 268 2631 penit,
290 2557 319 2610 et
337 2567 409 2610 reat.
432 2549 514 2610 idem
543 2548 637 2620 verb,
658 2548 739 2624 quod
760 2550 815 2626 pro
837 2548 1002 2623 religiosis,
1023 2549 1101 2606 volet
1121 2556 1152 2608 et

145 2653 200 2714 pro
219 2635 338 2694 iamulis
355 2634 601 2694 commensalibus
619 2633 810 2701 monasterii,
825 2629 868 2690 uti
886 2629 1149 2690 habeturexTrid.

145 2734 212 2778 sess.
220 2719 269 2777 95.
278 2719 362 2778 all.
375 2736 410 2777 ex
425 2736 486 2795 quo
505 2727 629 2795 possunt
648 2714 961 2794 recipereirsligiesis
972 2723 1151 2774 sacramenta

144 2803 328 2863 Poenitcntiae
339 2845 347 2871 ,
359 2800 549 2862 Eucharistiae
562 2812 591 2861 et
601 2801 960 2862 ExtremmunctionisAEt
978 2799 1056 2859 idem
1074 2799 1152 2861 velet

145 2886 239 2965 quood
252 2887 399 2959 novitios,
414 2887 465 2964 qui
476 2885 510 2946 in
520 2884 734 2966 favorabilibus
746 2886 801 2945 sub
812 2887 1016 2963 religiosorum
1030 2889 1151 2948 nomine

145 2972 287 3046 veniunt,
300 2979 334 3030 ut
351 2989 453 3033 omnes
475 2972 604 3032 {tternur
612 3018 622 3048 ,
635 2982 665 3033 et
675 2972 833 3032 declaravit
848 2990 921 3030 sacr.
933 2974 1040 3050 Congu.
1052 2972 1101 3033 dis
1112 2976 1151 3034 lt

144 3057 260 3132 augusti
279 3058 366 3117 1666.
381 3058 478 3129 Quare
497 3058 551 3134 ipsi
568 3067 690 3134 possunt
703 3057 816 3118 absolvi
834 3056 871 3116 ab
888 3057 1024 3117 omuibus
1035 3059 1150 3120 casibus

145 3139 184 3200 ab
194 3140 339 3220 Episcopo
350 3141 518 3207 reservatis.
531 3138 624 3202 Solae.
640 3150 678 3202 tr.
695 3144 743 3202 16.
757 3161 782 3202 e.
797 3145 827 3202 5.
843 3158 874 3221 p.
889 3146 917 3202 6.
930 3162 962 3202 a.
979 3145 1017 3203 86
1031 3151 1059 3202 et
1069 3160 1148 3221 seqq.

146 3220 305 3284 utdictum
316 3226 465 3285 ostn.illi.
477 3223 534 3283 Sed
553 3224 583 3284 id
602 3244 662 3287 non
677 3228 754 3286 valet
765 3244 820 3305 pro
830 3227 978 3303 equitibus
987 3229 1019 3289 S.
1029 3225 1133 3286 Jocobi
1140 3267 1150 3294 ,

145 3316 178 3368 nt
195 3307 360 3384 similibus,
375 3319 409 3370 ut
429 3309 531 3370 dicunt
549 3306 793 3372 Salmanticenses
813 3329 880 3370 cum
899 3312 1066 3379 communi,
1080 3323 1150 3366 uam

144 3389 315 3469 hujusmodi
325 3394 405 3471 uiget
414 3393 604 3454 consuetudo.
614 3392 708 3457 Solon.
721 3405 759 3456 tr.
769 3397 816 3456 18.
827 3413 852 3454 e.
862 3397 892 3453 1.
901 3413 934 3474 p.
945 3400 974 3456 9.
982 3394 1009 3472 S.
1019 3396 1046 3452 9.
1060 3388 1149 3448 1168.

185 3476 253 3537 111.
270 3506 309 3524 -·
323 3477 532 3540 Adnotondum
554 3478 695 3559 insuper,
719 3479 800 3558 qubd
819 3478 947 3554 religiosi
964 3475 1150 3552 peregrimu-
1221 3553 1225 3559 1

146 3569 213 3640 les,
228 3562 254 3625 si
272 3561 401 3626 babeant
412 3565 525 3628 socium
545 3563 718 3644 (dummodo
731 3567 771 3626 sit
784 3559 918 3638 idoneus)
931 3559 1061 3702 ejpsdem
1076 3556 1151 3618 ordi·
