2642 4150
211 170 269 231 198
502 161 793 245 Appettrlixdspriu.
811 162 882 243 Cap.
903 162 939 226 V.

208 268 431 336 admitteretur,
445 261 509 327 11111
520 264 605 345 priris
616 281 670 345 per
679 262 841 345 superiores
853 281 923 327 suos
936 263 1091 344 respective
1100 269 1210 332 erami-

207 359 318 421 artos,
337 361 370 413 et
390 349 496 412 deinde
519 349 699 410 deciaratum
728 348 786 409 iuit
807 347 935 417 ibidem,
958 345 1038 427 qubd
1061 351 1210 429 religiosos

207 436 450 514 approbationem
463 436 509 495 sui
526 434 687 510 superioris
705 432 861 493 ostendere
879 430 1011 493 deberet.
1026 433 1209 513 Respondent

207 518 315 582 deinde
328 514 497 583 Salmaces
504 515 703 593 Pcliizzarie,
718 526 749 578 et
762 515 920 593 Greaado,
935 517 1129 595 supradictam
1140 541 1206 582 con·

207 604 327 666 trariam
345 606 377 665 S.
399 606 433 666 (l.
458 602 686 665 declarationem
703 620 764 663 non
780 600 907 686 ampliius
920 600 1007 680 quini
1031 605 1209 681 probabilem

206 708 268 770 prm
282 708 314 751 se
328 691 407 753 serre
421 691 618 762 sententiam3
634 687 716 749 unde
734 706 795 748 nen
812 706 875 749 esse
894 687 1105 766 preferendam
1124 692 1209 756 bulla

205 774 321 838 tona
338 778 377 837 rit
383 777 551 853 ‚,iaquam
573 775 678 835 saltem
698 773 850 852 probabile
870 782 971 835 estex
994 771 1211 840 dictadeclara

205 859 307 931 tione,
326 859 405 938 qubd
434 859 594 939 Episcopus
613 858 708 917 valeat
730 859 919 929 examinare,
943 867 974 918 et
994 860 1081 926 aliter
1106 880 1208 940 negare

205 944 296 1020 pessit
315 943 475 1004 licentium.
498 944 520 1003 E
546 942 695 1002 contrarie
715 939 797 1002 bulla
816 940 921 1001 Leonis
938 940 1076 1019 prohibei
1095 945 1208 1022 Episeoz

205 1027 267 1124 pis,
281 1044 320 1088 ne
343 1026 500 1088 adnullant
511 1020 683 1104 religiosum
706 1024 952 1085 uenafferentem
968 1027 1205 1104 approbationem

204 1110 250 1170 sui
271 1112 448 1209 superioris,
461 1110 513 1172 sod
534 1128 595 1179 nep
617 1118 698 1170 seut
715 1108 802 1168 ilium
822 1109 1013 1182 examinare,
1028 1111 1053 1170 si
1074 1113 1163 1185 velit,
1177 1122 1208 1175 ei

204 1211 312 1271 negare
324 1197 457 1261 veniam
469 1196 493 1255 si
509 1196 571 1272 ipse
584 1201 692 1253 renuat
709 1192 885 1253 examinari.

242 1280 370 1339 128-
392 1276 695 1341 Animadvertendum
719 1277 840 1336 undem
867 1286 933 1348 est,
957 1277 1144 1340 ordinarium
1167 1255 1206 1343 ex

203 1364 327 1424 eoncilia
347 1364 535 1425 lateranensi
555 1364 592 1423 V.
607 1378 693 1438 posse
707 1359 905 1439 suspendere,
916 1369 948 1421 et
966 1363 1067 1439 punire
1088 1366 1205 1425 cencio

204 1456 321 1507 natones
348 1448 526 1527 regulares
518 1465 550 1507 ru
570 1447 668 1507 tribus
688 1445 851 1514 essibus,
843 1463 875 1506 ru
905 1445 1046 1524 quibus
1040 1446 1129 1508 rmmb
1148 1448 1207 1526 ipsi

205 1531 268 1607 ipso
282 1533 359 1592 iacto
370 1533 591 1611 suspenduntur
607 1528 623 1589 1
640 1528 861 1593 concionando:
884 1531 914 1590 l.
928 1531 958 1590 Si
974 1530 1134 1607 pradicant
1150 1535 1211 1594 mi·

203 1614 312 1684 reuda,
337 1616 426 1686 bilsa,
451 1625 502 1675 aut
523 1616 644 1675 ineerta.
666 1617 696 1675 2.
721 1614 752 1673 Si
774 1614 937 1690 praedicent
957 1613 1125 1691 prophetias
1147 1636 1208 1679 nen

202 1698 337 1758 fundatas
349 1702 380 1760 iu
396 1716 475 1759 sacra
489 1701 657 1778 Scriptura,
677 1708 729 1759 aut
746 1716 806 1759 nan
822 1697 1025 1776 approbaturi
1045 1699 1120 1759 Sede
1137 1720 1210 1779 apos

201 1783 316 1846 aialim.-
327 1786 356 1844 5.
373 1785 402 1844 Si
421 1784 608 1862 prtrdicandu
626 1781 782 1843 detrabunt
795 1784 943 1862 Episcopis
960 1792 990 1843 et
1004 1785 1210 1865 suissuperio-

202 1866 295 1928 ribus.
319 1870 444 1948 Insuper
465 1886 501 1928 cit
520 1866 656 1928 Trident.
682 1884 753 1928 stas.
775 1869 804 1927 5.
829 1886 855 1928 e.
881 1868 911 1928 9.
936 1867 1093 1947 Episcopus
1112 1878 1209 1949 polest

202 1951 396 2030 suspendere,
411 1962 441 2013 et
460 1952 567 2032 punire
584 1954 732 2031 regulares
746 1951 830 2024 illos,
850 1953 903 2029 qui
923 1951 1082 2030 praedicant
1099 1973 1210 2035 propos

202 2034 322 2099 sitiones
340 2034 508 2099 baereticae.
531 2054 690 2106 erroneas,
705 2043 756 2097 uui
772 2035 963 2098 scandalosas.
984 2034 1076 2099 Salon
1102 2046 1140 2099 tr.
1156 2041 1208 2102 18.

202 2136 227 2181 1.
241 2122 402 2200 4.ρ.1.11.
418 2124 487 2183 188.
502 2121 627 2182 Demirm
640 2119 954 2200 renouandamque]
968 2121 1104 2184 Urbanus
1118 2125 1207 2194 vill

202 2204 234 2263 iu
252 2202 409 2264 Constitui.
423 2203 608 2283 discessimus
619 2223 675 2269 ree
686 2214 749 2265 etc·
756 2206 892 2265 adnotata
908 2207 941 2266 li
964 2207 1036 2284 Apr.
1052 2208 1139 2268 1955.
1162 2209 1208 2285 (in

201 2295 354 2347 extensum
374 2285 1100 2367 1911111111Ρ.1’1111119111119111111115.
1125 2291 1207 2355 verb.

204 2366 376 2451 ormuiep
393 2373 462 2432 551.
479 2391 512 2433 ss.
525 2371 568 2450 9.)
581 2375 731 2434 revocavit
749 2373 848 2435 emnia
860 2374 1013 2452 privilegia
1027 2376 1063 2436 ab
1075 2385 1210 2437 anteces-

201 2453 317 2516 soribus
333 2456 517 2536 regularibus
534 2475 668 2518 maressa
684 2459 760 2518 oisae
778 2454 855 2519 oecis
869 2456 987 2520 oraculo
997 2461 1145 2538 ,exerptis
1156 2461 1208 2531 iis

201 2554 267 2612 quae
288 2540 438 2601 testificata
460 2541 572 2603 suerint
593 2560 647 2622 per
667 2543 836 2623 ministros,
862 2542 970 2621 quibus
997 2544 1028 2615 11
1042 2546 1089 2607 sui
1115 2543 1209 2667 officii

202 2621 275 2682 tides
289 2623 421 2700 adbiberi
436 2625 521 2686 solet.
598 2625 602 2635 '
