2642 4150
208 179 248 240 80
401 179 447 239 De
466 192 659 240 reuocatum
673 172 791 255 Poetis.
807 173 946 248 decretis,
963 180 1016 237 ete.

207 302 221 333 ι
245 277 337 349 turta,
357 276 447 338 nisib
469 277 576 350 nobis,
597 277 644 338 vel
659 275 676 336 b
693 294 749 355 pro
769 274 902 354 tempore
919 275 1060 335 existente
1075 274 1203 339 Romanu

208 386 222 415 a
247 361 407 433 Pontifice,
422 362 545 424 absolvi.
556 386 569 414 u

246 445 283 515 Et
295 445 362 523 quia
377 463 437 506 non
451 445 540 507 arodi
556 443 719 505 cavendum
738 449 797 517 est,
813 451 867 514 ut,
885 459 952 521 quae
964 450 1034 504 sunt
1047 443 1064 504 l
1077 444 1159 506 nobis
1171 448 1203 509 iu

203 529 383 608 praeinsertis
395 530 512 590 Litteris
520 528 635 589 denota
645 571 655 603 ,
667 528 704 587 ab
717 527 799 587 omui
805 526 1051 605 impugnatione,
1063 530 1203 590 contradi·

201 612 299 673 ctione
311 610 792 692 pravaqueinterpretationesalva
802 611 877 680 sint,
886 618 916 669 et
926 609 1088 680 immunia,
1099 613 1201 674 verbm

202 695 291 755 ctiam
306 739 315 767 ,
339 698 455 773 nequis
475 697 505 755 iu
518 695 691 756 sacramenti
704 693 886 753 Poeniteutiae
900 692 1151 755 administratione
1165 696 1202 756 ab

201 794 304 839 eorum
319 781 489 840 omnimoda
510 780 694 840 observantia
714 794 855 855 umquam
869 775 1004 850 recedat,
1021 776 1131 841 idcireb
1143 797 1201 840 om·

201 861 289 920 uibus
309 870 339 922 et
359 863 481 940 singulis
502 862 683 923 confessariis
702 860 859 937 utriusque
876 859 947 918 cleri
965 867 1025 919 tam
1040 861 1200 931 montanis,

201 944 289 1022 quim
303 948 444 1024 regularis
471 946 659 1024 quantumvis
674 945 817 1021 exempti,
840 951 870 1002 et
890 943 1074 1020 qudcumque
1086 947 1200 1023 speciali

201 1037 231 1088 et
245 1032 379 1108 expressi
399 1033 549 1091 mentione
577 1029 647 1089 aliis
671 1026 791 1088 luctasse
813 1026 1008 1096 nominandi,
1024 1030 1153 1105 graviter
1173 1040 1202 1091 ct

199 1111 351 1189 districti,
380 1114 473 1173 divini
502 1113 743 1174 interminatione
765 1110 889 1186 judicii,
920 1118 1009 1187 atque
1034 1111 1065 1172 in
1091 1113 1202 1175 virtute

200 1206 306 1257 sanotae
323 1197 517 1271 obedieutiae,
538 1195 748 1275 prohibemus,
771 1217 785 1246 ιι
806 1211 845 1253 ne
864 1193 1054 1255 conformiter
1072 1195 1109 1256 sd
1127 1216 1202 1276 pra·

200 1305 214 1334 ιι
237 1279 345 1341 dictam
361 1281 548 1360 reprobatam
557 1281 671 1359 praxim
684 1277 881 1358 poenitentes,
899 1277 951 1354 qui
965 1288 1134 1356 peecatum,
1150 1300 1201 1343 seu

199 1388 213 1418 ι
237 1365 350 1425 crimen
367 1366 503 1443 aliquod,
517 1363 601 1440 cujus
614 1365 725 1422 socium
741 1406 751 1434 ,
773 1370 825 1421 aut
836 1361 930 1421 socios
941 1359 1099 1423 habuerint
1110 1406 1118 1436 ,
1131 1365 1202 1442 ipsis

199 1470 214 1501 ι
237 1448 269 1508 in
289 1448 431 1509 tribunali
452 1448 635 1508 renitentia
654 1445 870 1519 confiteantur,
890 1445 1071 1523 interrogare
1091 1465 1202 1524 pressu-

198 1555 213 1584 ιι
237 1541 319 1592 mant
336 1533 373 1592 de
390 1531 509 1591 nomine
531 1531 602 1590 socii
617 1573 626 1601 ,
649 1547 701 1588 seu
720 1529 889 1606 complicis,
908 1527 972 1587 loeo
990 1526 1199 1603 habitationis,

198 1639 212 1668 ιι
236 1615 284 1675 vel
296 1615 360 1675 aliis
371 1613 539 1691 hujusmodi
557 1613 722 1690 adjunctis,
740 1612 802 1672 sive
816 1612 1061 1685 circumstantiis,
1084 1631 1202 1693 expres-

198 1722 212 1751 ι
236 1698 368 1770 sionem,
382 1698 532 1775 magisque
548 1697 732 1756 individuam
745 1694 877 1772 ejusdem
902 1695 1053 1774 complicis
1066 1699 1161 1756 manli
1187 1732 1197 1745 ·

198 1804 212 1835 ιι
236 1782 378 1841 tationem
397 1781 659 1856 concernentibus3
678 1780 775 1840 cidem
787 1779 959 1858 poenitenti,
975 1780 998 1838 si
1017 1780 1200 1841 manifestare

197 1888 211 1917 ιι
234 1864 386 1934 renuerit,
403 1864 642 1923 sacramentalem
666 1864 882 1923 absolutionem
903 1862 1073 1943 denegando
1092 1884 1101 1923 s
1127 1866 1201 1925 aliu·

197 1971 211 2000 ιι
235 1947 309 2024 quin
330 1947 468 2008 noverint
489 1964 568 2020 sese,
586 1948 664 2007 ultra
692 1947 802 2023 peccati
821 1946 936 2006 lethalis
955 1947 1121 2018 incursum,
1136 1966 1201 2009 sus·

198 2031 366 2109 »pensioni
388 2031 425 2092 ab
450 2030 546 2093 officio
574 2030 788 2092 audiendarum
817 2031 1053 2103 confessionum,
1077 2031 1201 2112 aliisque

196 2139 211 2167 ιι
233 2116 322 2175 etiam
334 2116 519 2193 gravioribus
539 2117 635 2195 poenis
646 2117 712 2176 iure
730 2114 936 2192 subjiciendos.
949 2140 963 2168 ι

234 2200 377 2259 Praeterea
396 2200 536 2276 quoniam
549 2208 651 2259 eontra
674 2199 846 2259 damnatum
865 2197 1033 2274 hujusmodi
1053 2199 1199 2261 exitialem

195 2280 335 2357 abusum,
358 2300 395 2343 ne
423 2301 491 2343 cum
509 2284 675 2343 animarum
700 2283 830 2361 pernicie
848 2282 960 2342 radices
980 2289 1067 2360 agat,
1084 2300 1207 2345 necesse·
1295 2283 1296 2316 ³

195 2363 329 2424 ducimus
348 2365 485 2435 modurn,
500 2384 533 2426 ac
555 2366 680 2426 sormam
704 2366 794 2425 etiam
816 2367 848 2425 in
872 2368 936 2425 loro
963 2376 1203 2445 exteruoproce·
1294 2423 1295 2426 ,

194 2446 303 2517 dendi,
325 2458 354 2508 et
372 2449 490 2509 ultrices
508 2448 646 2509 adversius
659 2467 725 2509 reos
744 2467 844 2530 paenas
854 2448 1024 2527 imponendi
1038 2492 1046 2520 ,
1059 2458 1199 2525 statuere,

195 2537 283 2608 atque
292 2531 449 2611 ordinare3
463 2549 623 2610 omnesque
634 2532 786 2611 superbos
795 2534 970 2609 exoriturae,
982 2533 1029 2593 vel
1042 2534 1130 2595 etiam
1138 2536 1200 2613 jum

194 2621 308 2673 exortus
326 2614 520 2676 dissensiones
538 2634 738 2693 componere,
755 2624 785 2676 et
798 2613 916 2694 penitius
928 2626 1080 2694 amputare
1092 2662 1100 2690 ,
1114 2621 1202 2679 vulu-
1293 2657 1294 2690 ι

193 2711 277 2769 mus,
293 2698 478 2760 deceruimus
491 2745 499 2772 ,
512 2719 545 2758 nc
558 2700 758 2773 declaramus,
774 2725 787 2752 ι
801 2698 881 2777 qubd
894 2700 1041 2768 docentes,
1052 2709 1087 2761 ut
1098 2702 1198 2780 supra,
1293 2715 1294 2760 ὲ

194 2803 208 2832 ιι
231 2780 341 2842 licitam
362 2800 424 2843 esse
436 2785 550 2861 praxim
565 2782 582 2843 a
595 2786 681 2844 nobis
697 2784 759 2860 jam
779 2783 986 2861 reprobatam,
1003 2785 1050 2844 vel
1070 2785 1102 2845 in
1122 2785 1202 2863 ejus·

194 2887 207 2916 ιι
230 2863 420 2943 dernprasis
451 2866 650 2927 defensionem
675 2868 855 2938 scribentes,
877 2877 936 2927 aut>
960 2868 1132 2945 loquentes,
1153 2872 1204 2930 uel.

194 2969 208 2999 ιι
230 2946 363 3023 ejusdem
381 2952 619 3027 reprobationem
636 2951 667 3009 in
684 2959 850 3012 memorato
869 2959 969 3011 nosne
978 2953 1063 3011 Brevi
1077 2959 1202 3015 conten·

192 3053 206 3083 ιι
231 3036 292 3089 tam
309 3031 535 3111 impugnantes,
552 3041 603 3093 aut
623 3033 763 3111 perversis
781 3037 1028 3114 interpretantes,
1051 3036 1083 3094 in
1102 3038 1200 3098 officio

192 3138 206 3167 ιι
230 3123 337 3175 sauctae
350 3119 550 3195 inquisitionis
561 3118 771 3195 praedicturum
782 3126 1039 3197 regnorumatque
1049 3119 1201 3181 ditionum

192 3219 206 3250 ι
230 3197 331 3260 severe
343 3201 506 3277 puniantur
517 3245 527 3276 ,
548 3209 579 3260 et
602 3209 703 3259 contra
723 3220 797 3274 cos,
820 3212 850 3263 ct
869 3219 973 3262 eorum
987 3204 1151 3279 quemlibet
1169 3206 1201 3264 in

192 3306 205 3335 ιι
229 3283 333 3343 eodem
351 3284 446 3344 officio
460 3283 654 3362 procedatur,
670 3302 730 3345 nou
743 3285 993 3346 minicsaecontra
1008 3286 1073 3345 illos
1086 3287 1200 3348 ibidem

193 3388 206 3417 ιι
229 3365 348 3444 procedi
366 3367 462 3439 solet,
486 3368 537 3442 qui
565 3375 717 3439 asserunt,
731 3368 877 3439 tremunt,
895 3375 1018 3427 tuentur
1044 3369 1200 3445 opiniones

192 3473 207 3502 ι
229 3449 410 3510 scandalosns
423 3493 431 3522 ,
445 3450 642 3527 perniciosas,
658 3461 688 3513 et
702 3449 746 3512 uti
770 3453 842 3515 tales
854 3452 871 3512 b
884 3452 958 3512 Sede
970 3453 1129 3530 apostolica
1150 3471 1200 3513 re·

192 3545 204 3583 ι
222 3532 334 3609 jcctas,
350 3541 381 3595 et
395 3532 613 3597 condemnatus.
