2642 4150
177 241 215 301 56
382 238 628 302 Derotuouorum
641 236 756 319 Pacatis.
770 235 904 311 decretis,
920 245 972 303 etc.
1033 316 1036 321 4

176 344 324 423 integram
344 341 511 418 ciuitatem,
523 337 570 402 oei
582 339 725 401 dioecesim
736 385 745 413 ,
758 342 824 401 stru
837 344 935 421 recpsd
949 361 1010 405 nou
1022 350 1183 424 suppetunt

177 427 303 498 ea,siae
322 426 428 506 quibus
447 433 622 505 paeceptum
643 424 875 506 quadragesima
900 425 1050 491 obseruari
1068 433 1181 510 aequit

178 511 285 589 ltaque
304 509 334 571 ei
353 513 453 571 reoud
470 511 504 570 iu
532 507 720 590 aliqualem
742 526 834 590 aeque
856 507 952 570 obtem
974 530 1067 590 acque
1089 514 1183 591 pisces

143 636 145 642 ι
179 596 349 673 roarporari
368 593 502 677 possint,
522 601 590 654 tunc
610 591 715 655 incolis
725 592 854 675 ejccsdeoc
868 589 924 655 loci
937 595 1128 677 permittites
1141 607 1184 659 est

179 688 215 740 ut
227 675 299 740 tacte
312 688 341 740 ct
357 682 419 740 ouis
436 687 585 740 utantur.-
601 679 630 739 si
640 678 702 739 boec
722 687 820 738 autern
834 681 932 738 reveni
948 678 1103 758 deficiant,
1115 690 1183 744 tuuc

179 762 281 824 caruis
292 807 301 834 ,
313 761 442 826 calabrie
454 771 569 838 tamen,
585 760 702 823 edenda
718 760 847 839 facultas
858 761 1044 840 concedetur,
1055 766 1183 847 irctcrpo·

179 849 240 910 eitd
253 865 365 930 scurper
370 848 483 928 jejunii
496 845 635 908 muudi
648 846 824 908 verditione.

144 928 150 1003 l
222 934 319 994 Insula
335 935 426 993 sancti
448 932 593 993 Dominici
614 933 646 991 in
667 932 800 993 Ameriae
815 933 1001 996 meridionali
1022 936 1054 996 in
1070 945 1185 1015 tempo·

182 1019 294 1079 ratibus
306 1029 389 1097 paret
400 1017 569 1078 charissimo
588 1017 620 1077 in
631 1015 748 1077 Cbristo
760 1018 823 1078 utta
838 1028 939 1079 nostro
956 1020 1103 1080 Ludovlco
1118 1022 1185 1082 Gal-

181 1106 290 1165 liarum
309 1105 370 1182 rogi
383 1102 642 1173 christianissimo,
666 1119 720 1161 nec
741 1103 768 1162 ei
793 1102 873 1162 ullus
895 1114 1000 1179 prraest
1016 1106 1184 1183 Episcopus.

135 1194 149 1241 t
183 1189 338 1250 Praefectus
357 1189 476 1247 Patrium
494 1187 639 1248 societatis
654 1186 723 1247 lesu
736 1204 815 1246 anno
827 1188 904 1247 tter
914 1186 931 1246 ia
941 1189 1025 1248 nobis
1040 1191 1186 1269 quaesivit,

184 1291 223 1332 an
245 1289 283 1332 cx
305 1273 490 1333 concessione
505 1271 561 1333 sibi
584 1272 659 1330 lacta
682 1268 700 1330 b
725 1271 800 1331 Sede
821 1272 984 1349 apostolica*
1000 1273 1186 1350 dispensandi

183 1374 274 1434 super
290 1372 341 1416 esu
354 1358 509 1426 carnium,
525 1372 651 1416 ovorum
671 1363 701 1415 et
722 1356 937 1416 lacticiniorum
959 1365 1092 1435 tempore
1110 1356 1190 1433 jeju-

185 1440 304 1500 niorum
317 1449 347 1501 et
364 1439 611 1518 quadragesimae,
626 1439 683 1498 dici
696 1446 807 1517 posset,
825 1441 880 1500 sibi
893 1440 1089 1501 etiamdatam
1100 1441 1190 1501 luisse

184 1524 351 1584 facultatem
357 1522 546 1603 dispensandi
557 1520 668 1584 nedicm
681 1524 869 1602 particulares
880 1542 1033 1602 personas,
1042 1525 1093 1585 sed
1102 1525 1189 1586 etiam

186 1610 408 1670 multitudinem
433 1608 613 1678 bominum,
635 1618 667 1668 et
692 1627 793 1668 omnes
814 1610 860 1668 sui
884 1609 1034 1670 districtus
1057 1610 1188 1679 incolas,

186 1694 305 1772 quondo
321 1711 419 1754 coram
426 1695 487 1753 Deo
497 1691 673 1770 idexpedire
679 1690 855 1768 judicasset:
868 1693 1029 1772 habitoque
1039 1710 1189 1771 responso,

186 1778 353 1838 facultatem
383 1779 410 1837 ei
436 1777 523 1837 luisse
554 1795 721 1839 concessam
745 1778 992 1857 dispensationem
1022 1777 1192 1855 indulgendi

188 1862 412 1940 particularibus
426 1860 598 1923 hominibus
606 1906 616 1937 ,
634 1880 696 1922 non
710 1871 809 1923 autem
820 1863 1002 1923 multitudini
1017 1862 1191 1931 hominum,

189 1955 219 2007 et
239 1945 375 2007 omnibus
397 1946 500 2006 incolis
522 1947 569 2007 sui
585 1946 753 2020 districtius,
773 1966 830 2026 pro
848 1949 1033 2010 concessione
1049 1948 1192 2007 exoravit.

189 2033 247 2094 Pro
267 2050 350 2094 causo
365 2032 499 2111 exposuit
523 2032 685 2095 veneficam
702 2034 828 2112 piscium
845 2035 1034 2113 qualitatem,
1054 2034 1194 2112 exiguum

190 2118 370 2195 piscatorum
387 2133 568 2188 numerum,
585 2118 636 2197 qui
662 2117 749 2197 lon‘gi
761 2119 798 2179 ab
815 2120 910 2180 insula
927 2121 1089 2198 piscantes,
1103 2118 1195 2195 pisces

190 2202 360 2264 deferebant
380 2212 431 2263 aut
449 2203 603 2274 fatentes,
624 2213 677 2264 aut
700 2214 855 2286 corruptos
877 2206 916 2265 ob
934 2204 1042 2265 nimios
1061 2204 1195 2273 calores3

191 2298 394 2366 paupertatem
410 2305 513 2348 earum
532 2288 690 2365 gentium,
712 2307 779 2364 quae
801 2289 900 2349 oleum
919 2306 1018 2350 emere
1038 2306 1097 2347 non
1112 2295 1198 2364 pote·

191 2382 259 2433 rant
274 2391 328 2451 pro
352 2374 424 2434 cibis
446 2370 748 2451 quadragesimalibus
769 2373 1196 2450 necessarium3dclaeicntiam

191 2456 319 2536 denique
332 2459 448 2519 olerum
463 2465 493 2516 et
506 2457 709 2536 leguminum,
724 2476 791 2535 quoa
807 2459 837 2517 in
851 2476 884 2517 ea
900 2458 1020 2535 regione
1033 2456 1116 2517 sacili
1131 2473 1197 2515 cor-

192 2553 395 2620 rumpuntur,
414 2541 499 2601 autu
521 2542 674 2602 vermibus
687 2550 916 2603 consumuntur.
929 2544 971 2603 lie
990 2540 1115 2601 subinde
1133 2558 1197 2599 ma·

192 2625 260 2702 turb
275 2627 403 2689 discussi
415 2643 514 2688 corum
532 2625 619 2686 nobis
637 2626 670 2686 in
691 2628 920 2704 congregatione
940 2627 1069 2703 generali
1091 2633 1199 2684 sanctae

192 2711 331 2773 Romame
352 2722 383 2773 et
396 2712 569 2771 universalis
584 2711 789 2787 inquisitionis
799 2709 848 2770 die
861 2712 899 2770 li
909 2710 1010 2789 aprilis
1020 2727 1098 2770 anno
1109 2710 1197 2770 itte.

192 2791 292 2854 habita
309 2799 423 2855 ratione
438 2795 567 2872 regionis
586 2796 675 2854 nimis
695 2803 818 2853 remotae
832 2838 841 2865 ,
855 2794 872 2854 ia
885 2811 943 2872 qua
962 2794 1096 2870 quolibet
1118 2809 1198 2851 anno

192 2877 382 2955 impossibilis
394 2888 456 2937 erat
467 2879 504 2937 ad
516 2878 622 2937 Sedem
634 2879 825 2955 apostolicum
843 2895 978 2938 recursus
990 2899 999 2953 ς
1013 2877 1200 2955 indulgentes

192 2960 353 3023 necessitati
376 2961 509 3021 fidelium
530 2961 703 3040 degentium
723 2963 755 3022 in
778 2962 882 3023 insulis
901 2962 1022 3022 ditionis
1036 2962 1147 3042 gallica
1166 2960 1199 3021 iu
1241 2985 1246 2992 ·

193 3046 344 3117 Amasim,
364 3046 531 3106 facultatem
551 3051 756 3108 concessimus
772 3048 916 3124 praelectis
935 3046 1109 3108 missionum
1133 3044 1199 3103 illa-

194 3148 263 3192 rum
278 3133 407 3210 partium
422 3176 430 3205 ,
450 3141 485 3192 ut
499 3133 531 3192 in
544 3150 610 3192 casu
639 3150 718 3192 verae
729 3140 760 3191 et
782 3132 977 3192 ineluctabilis
998 3131 1175 3192 necessitatis
1190 3173 1200 3195 ,

194 3224 226 3276 et
244 3216 360 3277 motum
375 3217 413 3278 de
429 3234 507 3277 anno
530 3219 562 3277 in
589 3236 725 3288 annum,
745 3219 923 3297 praelatoque
939 3218 1010 3277 ucri
1029 3215 1200 3276 necessitato

194 3300 334 3370 durante,
352 3311 381 3361 et
395 3320 455 3361 non
473 3302 573 3376 aliter,
588 3320 642 3362 nec
661 3303 721 3361 alio
739 3302 846 3373 modo,
861 3304 905 3361 oti
924 3309 1062 3379 possent,
1077 3309 1108 3359 et
1120 3299 1202 3359 salo-

194 3395 263 3448 rent
277 3404 345 3446 cum
361 3385 497 3446 fidelibus
509 3387 625 3464 populis
645 3387 779 3463 ipsorum
800 3387 938 3465 regimini
955 3386 1121 3450 commissis
1137 3384 1201 3443 dis·

195 3488 317 3547 pensare
330 3488 418 3548 super
430 3488 479 3529 eso
493 3487 617 3529 ovorum
631 3480 661 3529 et
672 3470 907 3539 lacticiniorum,
924 3479 954 3529 et
963 3470 1052 3534 etiam
1065 3470 1201 3529 carnium

195 3562 329 3632 tempore
342 3553 607 3631 qccadragcsimali‚
626 3553 737 3615 indicti
752 3555 841 3615 simul
862 3571 931 3614 cum
955 3550 1125 3630 hujusmodi
1139 3549 1203 3609 dis·

196 3638 366 3714 pensatione
395 3637 580 3702 observantie
601 3635 708 3717 jejunii
736 3655 790 3720 per
819 3638 936 3702 unicam
968 3636 1175 3700 comestionem
1189 3673 1205 3706 „-
