<?xml version="1.0" encoding="UTF-8"?>
<!DOCTYPE html PUBLIC "-//W3C//DTD XHTML 1.0 Transitional//EN"
    "http://www.w3.org/TR/xhtml1/DTD/xhtml1-transitional.dtd">
<html xmlns="http://www.w3.org/1999/xhtml" xml:lang="en" lang="en">
 <head>
  <title>
</title>
<meta http-equiv="Content-Type" content="text/html;charset=utf-8" />
  <meta name='ocr-system' content='tesseract 3.04.00' />
  <meta name='ocr-capabilities' content='ocr_page ocr_carea ocr_par ocr_line ocrx_word'/>
</head>
<body>
  <div class='ocr_page' id='page_1' title='image "./theologiamorali01heilgoog_0160.png"; bbox 0 0 2642 4150; ppageno 0'>
   <div class='ocr_carea' id='block_1_1' title="bbox 161 182 1172 448">
    <p class='ocr_par' dir='ltr' id='par_1_1' title="bbox 161 182 1172 448">
     <span class='ocr_line' id='line_1_1' title="bbox 161 182 935 273; baseline 0.003 -31"><span class='ocrx_word' id='word_1_1' title='bbox 161 191 219 252; x_wconf 69' lang='lat'>152</span> <span class='ocrx_word' id='word_1_2' title='bbox 345 209 350 219; x_wconf 91' lang='lat'><strong>·</strong></span> <span class='ocrx_word' id='word_1_3' title='bbox 591 182 745 266; x_wconf 79' lang='lat' dir='ltr'>Appendic</span> <span class='ocrx_word' id='word_1_4' title='bbox 790 185 826 270; x_wconf 85' lang='grc' dir='ltr'> </span> <span class='ocrx_word' id='word_1_5' title='bbox 933 269 935 273; x_wconf 85' lang='lat'>.</span> 
     </span>
     <span class='ocr_line' id='line_1_2' title="bbox 162 281 1172 364; baseline -0.002 -14"><span class='ocrx_word' id='word_1_6' title='bbox 162 285 380 351; x_wconf 82' lang='lat' dir='ltr'>rationabiliter</span> <span class='ocrx_word' id='word_1_7' title='bbox 397 289 588 360; x_wconf 72' lang='lat' dir='ltr'>excusentur,</span> <span class='ocrx_word' id='word_1_8' title='bbox 612 289 646 342; x_wconf 93' lang='lat' dir='ltr'>ut</span> <span class='ocrx_word' id='word_1_9' title='bbox 667 281 794 343; x_wconf 84' lang='lat' dir='ltr'>habetor</span> <span class='ocrx_word' id='word_1_10' title='bbox 806 300 841 343; x_wconf 86' lang='lat' dir='ltr'>ex</span> <span class='ocrx_word' id='word_1_11' title='bbox 857 302 931 364; x_wconf 78' lang='lat' dir='ltr'>cop</span> <span class='ocrx_word' id='word_1_12' title='bbox 948 281 1110 361; x_wconf 69' lang='lat' dir='ltr'>Deculo,</span> <span class='ocrx_word' id='word_1_13' title='bbox 1134 293 1172 354; x_wconf 76' lang='lat' dir='ltr'>de</span> 
     </span>
     <span class='ocr_line' id='line_1_3' title="bbox 162 368 1172 448; baseline 0.003 -14"><span class='ocrx_word' id='word_1_14' title='bbox 162 375 306 434; x_wconf 81' lang='lat' dir='ltr'>sententio</span> <span class='ocrx_word' id='word_1_15' title='bbox 318 387 469 438; x_wconf 74' lang='lat' dir='ltr'>excomm..</span> <span class='ocrx_word' id='word_1_16' title='bbox 478 377 508 429; x_wconf 91' lang='lat' dir='ltr'>et</span> <span class='ocrx_word' id='word_1_17' title='bbox 522 386 558 429; x_wconf 83' lang='lat' dir='ltr'>ex</span> <span class='ocrx_word' id='word_1_18' title='bbox 571 386 595 427; x_wconf 87' lang='lat' dir='ltr'>c.</span> <span class='ocrx_word' id='word_1_19' title='bbox 608 368 656 426; x_wconf 82' lang='lat' dir='ltr'>Eo</span> <span class='ocrx_word' id='word_1_20' title='bbox 667 368 808 440; x_wconf 80' lang='lat' dir='ltr'>noscitur,</span> <span class='ocrx_word' id='word_1_21' title='bbox 823 376 852 426; x_wconf 92' lang='lat' dir='ltr'>et</span> <span class='ocrx_word' id='word_1_22' title='bbox 863 386 887 427; x_wconf 88' lang='lat' dir='ltr'>c.</span> <span class='ocrx_word' id='word_1_23' title='bbox 899 368 1059 448; x_wconf 77' lang='lat' dir='ltr'>choaam‘s,</span> <span class='ocrx_word' id='word_1_24' title='bbox 1073 374 1172 437; x_wconf 87' lang='lat' dir='ltr'>eodem</span> 
     </span>
    </p>
   </div>
   <div class='ocr_carea' id='block_1_2' title="bbox 163 449 1277 529">
    <p class='ocr_par' dir='ltr' id='par_1_2' title="bbox 163 449 1277 529">
     <span class='ocr_line' id='line_1_4' title="bbox 163 449 1277 529; baseline 0.002 -13"><span class='ocrx_word' id='word_1_25' title='bbox 163 456 208 516; x_wconf 90' lang='lat' dir='ltr'>tit.</span> <span class='ocrx_word' id='word_1_26' title='bbox 221 458 256 515; x_wconf 93' lang='lat' dir='ltr'>ln</span> <span class='ocrx_word' id='word_1_27' title='bbox 279 453 335 515; x_wconf 89' lang='lat' dir='ltr'>boc</span> <span class='ocrx_word' id='word_1_28' title='bbox 354 464 453 514; x_wconf 88' lang='lat' dir='ltr'>autem</span> <span class='ocrx_word' id='word_1_29' title='bbox 479 454 668 523; x_wconf 79' lang='lat' dir='ltr'>advertatur,</span> <span class='ocrx_word' id='word_1_30' title='bbox 694 449 795 527; x_wconf 83' lang='lat' dir='ltr'>quod,</span> <span class='ocrx_word' id='word_1_31' title='bbox 818 451 842 510; x_wconf 90' lang='lat' dir='ltr'>si</span> <span class='ocrx_word' id='word_1_32' title='bbox 862 451 1109 529; x_wconf 85' lang='lat' dir='ltr'>impedimentum</span> <span class='ocrx_word' id='word_1_33' title='bbox 1126 460 1167 517; x_wconf 89' lang='lat' dir='ltr'>sit</span> <span class='ocrx_word' id='word_1_34' title='bbox 1275 479 1277 481; x_wconf 67' lang='grc'>’</span> 
     </span>
    </p>
   </div>
   <div class='ocr_carea' id='block_1_3' title="bbox 160 533 1169 1194">
    <p class='ocr_par' dir='ltr' id='par_1_3' title="bbox 160 533 1169 1194">
     <span class='ocr_line' id='line_1_5' title="bbox 160 533 1167 615; baseline 0.003 -18"><span class='ocrx_word' id='word_1_35' title='bbox 160 538 343 615; x_wconf 73' lang='lat' dir='ltr'>temporale,</span> <span class='ocrx_word' id='word_1_36' title='bbox 380 546 410 598; x_wconf 88' lang='lat' dir='ltr'>et</span> <span class='ocrx_word' id='word_1_37' title='bbox 442 536 571 597; x_wconf 88' lang='lat' dir='ltr'>notabile</span> <span class='ocrx_word' id='word_1_38' title='bbox 601 534 723 611; x_wconf 82' lang='lat' dir='ltr'>(durans</span> <span class='ocrx_word' id='word_1_39' title='bbox 749 533 878 611; x_wconf 84' lang='lat' dir='ltr'>exempli</span> <span class='ocrx_word' id='word_1_40' title='bbox 905 535 990 608; x_wconf 73' lang='lat' dir='ltr'>causa</span> <span class='ocrx_word' id='word_1_41' title='bbox 1024 554 1092 611; x_wconf 84' lang='lat' dir='ltr'>sex,</span> <span class='ocrx_word' id='word_1_42' title='bbox 1109 542 1167 610; x_wconf 81' lang='lat' dir='ltr'>¹rel</span> 
     </span>
     <span class='ocr_line' id='line_1_6' title="bbox 160 616 1168 699; baseline 0.003 -19"><span class='ocrx_word' id='word_1_43' title='bbox 160 629 271 698; x_wconf 86' lang='lat' dir='ltr'>septem</span> <span class='ocrx_word' id='word_1_44' title='bbox 290 620 449 699; x_wconf 78' lang='lat' dir='ltr'>mensibus)</span> <span class='ocrx_word' id='word_1_45' title='bbox 463 664 471 692; x_wconf 86' lang='lat'><em>‚</em></span> <span class='ocrx_word' id='word_1_46' title='bbox 485 629 556 679; x_wconf 91' lang='lat' dir='ltr'>tunc</span> <span class='ocrx_word' id='word_1_47' title='bbox 575 617 711 696; x_wconf 86' lang='lat' dir='ltr'>impediti</span> <span class='ocrx_word' id='word_1_48' title='bbox 734 626 856 694; x_wconf 91' lang='lat' dir='ltr'>possunt</span> <span class='ocrx_word' id='word_1_49' title='bbox 878 616 954 678; x_wconf 74' lang='lat' dir='ltr'>bend</span> <span class='ocrx_word' id='word_1_50' title='bbox 966 618 1098 698; x_wconf 79' lang='lat' dir='ltr'>absolvi,</span> <span class='ocrx_word' id='word_1_51' title='bbox 1116 624 1168 683; x_wconf 87' lang='lat' dir='ltr'>sed</span> 
     </span>
     <span class='ocr_line' id='line_1_7' title="bbox 161 701 1167 783; baseline 0 -18"><span class='ocrx_word' id='word_1_52' title='bbox 161 705 238 783; x_wconf 81' lang='lat' dir='ltr'>ipsi,</span> <span class='ocrx_word' id='word_1_53' title='bbox 257 707 384 782; x_wconf 85' lang='lat' dir='ltr'>exceptis</span> <span class='ocrx_word' id='word_1_54' title='bbox 410 705 607 775; x_wconf 86' lang='lat' dir='ltr'>mulieribus,</span> <span class='ocrx_word' id='word_1_55' title='bbox 630 709 660 761; x_wconf 89' lang='lat' dir='ltr'>ot</span> <span class='ocrx_word' id='word_1_56' title='bbox 693 701 813 779; x_wconf 79' lang='lat' dir='ltr'>pueris,</span> <span class='ocrx_word' id='word_1_57' title='bbox 840 701 949 761; x_wconf 88' lang='lat' dir='ltr'>debent</span> <span class='ocrx_word' id='word_1_58' title='bbox 964 702 1167 782; x_wconf 85' lang='lat' dir='ltr'>juramentum</span> 
     </span>
     <span class='ocr_line' id='line_1_8' title="bbox 161 783 1169 866; baseline 0.001 -19"><span class='ocrx_word' id='word_1_59' title='bbox 161 795 298 865; x_wconf 84' lang='lat' dir='ltr'>proestare</span> <span class='ocrx_word' id='word_1_60' title='bbox 318 806 349 848; x_wconf 85' lang='lat' dir='ltr'>se</span> <span class='ocrx_word' id='word_1_61' title='bbox 370 786 586 866; x_wconf 74' lang='lat' dir='ltr'>praesentandi,</span> <span class='ocrx_word' id='word_1_62' title='bbox 612 791 742 844; x_wconf 78' lang='lat' dir='ltr'>cessante</span> <span class='ocrx_word' id='word_1_63' title='bbox 756 783 991 862; x_wconf 84' lang='lat' dir='ltr'>impedimento,</span> <span class='ocrx_word' id='word_1_64' title='bbox 1009 788 1075 847; x_wconf 89' lang='lat' dir='ltr'>Sedi</span> <span class='ocrx_word' id='word_1_65' title='bbox 1097 793 1169 866; x_wconf 78' lang='lat' dir='ltr'>apo·</span> 
     </span>
     <span class='ocr_line' id='line_1_9' title="bbox 161 865 1169 949; baseline 0.001 -20"><span class='ocrx_word' id='word_1_66' title='bbox 161 871 289 943; x_wconf 75' lang='lat' dir='ltr'>stolium,</span> <span class='ocrx_word' id='word_1_67' title='bbox 307 872 409 931; x_wconf 83' lang='lat' dir='ltr'>saltem</span> <span class='ocrx_word' id='word_1_68' title='bbox 431 888 484 949; x_wconf 84' lang='lat' dir='ltr'>per</span> <span class='ocrx_word' id='word_1_69' title='bbox 504 878 743 947; x_wconf 84' lang='lat' dir='ltr'>procuratorem,</span> <span class='ocrx_word' id='word_1_70' title='bbox 765 875 799 925; x_wconf 91' lang='lat' dir='ltr'>ut</span> <span class='ocrx_word' id='word_1_71' title='bbox 821 867 857 926; x_wconf 90' lang='lat' dir='ltr'>ab</span> <span class='ocrx_word' id='word_1_72' title='bbox 875 867 926 926; x_wconf 88' lang='lat' dir='ltr'>illa</span> <span class='ocrx_word' id='word_1_73' title='bbox 944 868 1056 929; x_wconf 77' lang='lat' dir='ltr'>directe</span> <span class='ocrx_word' id='word_1_74' title='bbox 1073 865 1169 930; x_wconf 88' lang='lat' dir='ltr'>absol·</span> 
     </span>
     <span class='ocr_line' id='line_1_10' title="bbox 160 949 1169 1034; baseline 0.002 -23"><span class='ocrx_word' id='word_1_75' title='bbox 160 962 288 1030; x_wconf 80' lang='lat' dir='ltr'>vantur3</span> <span class='ocrx_word' id='word_1_76' title='bbox 306 963 336 1014; x_wconf 89' lang='lat' dir='ltr'>et</span> <span class='ocrx_word' id='word_1_77' title='bbox 353 971 413 1014; x_wconf 91' lang='lat' dir='ltr'>non</span> <span class='ocrx_word' id='word_1_78' title='bbox 435 971 466 1013; x_wconf 90' lang='lat' dir='ltr'>se</span> <span class='ocrx_word' id='word_1_79' title='bbox 481 960 689 1029; x_wconf 73' lang='lat' dir='ltr'>presentantes</span> <span class='ocrx_word' id='word_1_80' title='bbox 713 949 876 1009; x_wconf 81' lang='lat' dir='ltr'>reincidunt</span> <span class='ocrx_word' id='word_1_81' title='bbox 889 950 921 1008; x_wconf 90' lang='lat' dir='ltr'>in</span> <span class='ocrx_word' id='word_1_82' title='bbox 943 952 1078 1011; x_wconf 83' lang='lat' dir='ltr'>eamdem</span> <span class='ocrx_word' id='word_1_83' title='bbox 1094 957 1169 1034; x_wconf 21' lang='lat' dir='ltr'>{ecn-</span> 
     </span>
     <span class='ocr_line' id='line_1_11' title="bbox 161 1032 1166 1114; baseline 0.002 -19"><span class='ocrx_word' id='word_1_84' title='bbox 161 1051 280 1108; x_wconf 78' lang='lat' dir='ltr'>snmm,</span> <span class='ocrx_word' id='word_1_85' title='bbox 302 1044 338 1097; x_wconf 91' lang='lat' dir='ltr'>ut</span> <span class='ocrx_word' id='word_1_86' title='bbox 358 1036 484 1097; x_wconf 85' lang='lat' dir='ltr'>babetur</span> <span class='ocrx_word' id='word_1_87' title='bbox 502 1053 539 1094; x_wconf 87' lang='lat' dir='ltr'>ex</span> <span class='ocrx_word' id='word_1_88' title='bbox 555 1035 620 1114; x_wconf 85' lang='lat' dir='ltr'>cop.</span> <span class='ocrx_word' id='word_1_89' title='bbox 640 1036 698 1092; x_wconf 82' lang='lat' dir='ltr'>Eos</span> <span class='ocrx_word' id='word_1_90' title='bbox 712 1034 765 1113; x_wconf 83' lang='lat' dir='ltr'>uui</span> <span class='ocrx_word' id='word_1_91' title='bbox 772 1075 780 1102; x_wconf 86' lang='lat'>,</span> <span class='ocrx_word' id='word_1_92' title='bbox 800 1032 835 1092; x_wconf 87' lang='lat' dir='ltr'>dc</span> <span class='ocrx_word' id='word_1_93' title='bbox 847 1038 921 1092; x_wconf 83' lang='lat' dir='ltr'>seat.</span> <span class='ocrx_word' id='word_1_94' title='bbox 936 1052 1074 1095; x_wconf 75' lang='lat' dir='ltr'>excomm·</span> <span class='ocrx_word' id='word_1_95' title='bbox 1089 1036 1166 1110; x_wconf 75' lang='lat' dir='ltr'>tao.</span> 
     </span>
     <span class='ocr_line' id='line_1_12' title="bbox 162 1117 1168 1194; baseline 0.003 -17"><span class='ocrx_word' id='word_1_96' title='bbox 162 1120 199 1178; x_wconf 84' lang='lat' dir='ltr'>Et</span> <span class='ocrx_word' id='word_1_97' title='bbox 218 1118 276 1180; x_wconf 90' lang='lat' dir='ltr'>boo</span> <span class='ocrx_word' id='word_1_98' title='bbox 298 1123 408 1189; x_wconf 79' lang='lat' dir='ltr'>currit,</span> <span class='ocrx_word' id='word_1_99' title='bbox 432 1119 544 1180; x_wconf 86' lang='lat' dir='ltr'>etiarnsi</span> <span class='ocrx_word' id='word_1_100' title='bbox 573 1118 720 1177; x_wconf 89' lang='lat' dir='ltr'>emendati</span> <span class='ocrx_word' id='word_1_101' title='bbox 746 1117 826 1188; x_wconf 84' lang='lat' dir='ltr'>sint,</span> <span class='ocrx_word' id='word_1_102' title='bbox 848 1125 879 1176; x_wconf 91' lang='lat' dir='ltr'>et</span> <span class='ocrx_word' id='word_1_103' title='bbox 899 1117 1033 1194; x_wconf 89' lang='lat' dir='ltr'>partibus</span> <span class='ocrx_word' id='word_1_104' title='bbox 1048 1118 1168 1180; x_wconf 81' lang='lat' dir='ltr'>offensis</span> 
     </span>
    </p>
   </div>
   <div class='ocr_carea' id='block_1_4' title="bbox 162 1198 814 1294">
    <p class='ocr_par' dir='ltr' id='par_1_4' title="bbox 162 1198 814 1294">
     <span class='ocr_line' id='line_1_13' title="bbox 162 1198 814 1294; baseline -0.003 -33"><span class='ocrx_word' id='word_1_105' title='bbox 162 1202 363 1266; x_wconf 84' lang='lat' dir='ltr'>satislecerint.</span> <span class='ocrx_word' id='word_1_106' title='bbox 378 1202 450 1265; x_wconf 82' lang='lat' dir='ltr'>Vide</span> <span class='ocrx_word' id='word_1_107' title='bbox 466 1200 516 1264; x_wconf 77' lang='lat' dir='ltr'>tit.</span> <span class='ocrx_word' id='word_1_108' title='bbox 538 1203 568 1262; x_wconf 90' lang='lat'>7.</span> <span class='ocrx_word' id='word_1_109' title='bbox 584 1219 615 1294; x_wconf 73' lang='lat' dir='ltr'>”t</span> <span class='ocrx_word' id='word_1_110' title='bbox 634 1202 682 1261; x_wconf 77' lang='lat' dir='ltr'>ot.</span> <span class='ocrx_word' id='word_1_111' title='bbox 706 1198 747 1261; x_wconf 86' lang='lat' dir='ltr'>od</span> <span class='ocrx_word' id='word_1_112' title='bbox 765 1200 814 1259; x_wconf 90' lang='grc'>87.</span> 
     </span>
    </p>
   </div>
   <div class='ocr_carea' id='block_1_5' title="bbox 142 1333 1174 2829">
    <p class='ocr_par' dir='ltr' id='par_1_5' title="bbox 162 1333 1172 1829">
     <span class='ocr_line' id='line_1_14' title="bbox 169 1333 1168 1412; baseline 0 -16"><span class='ocrx_word' id='word_1_113' title='bbox 169 1405 172 1410; x_wconf 15' lang='grc' dir='ltr'><strong>Δ</strong></span> <span class='ocrx_word' id='word_1_114' title='bbox 200 1336 251 1396; x_wconf 73' lang='lat' dir='ltr'>tt.</span> <span class='ocrx_word' id='word_1_115' title='bbox 266 1369 304 1380; x_wconf 93' lang='lat'>-</span> <span class='ocrx_word' id='word_1_116' title='bbox 315 1336 345 1395; x_wconf 90' lang='lat' dir='ltr'>Si</span> <span class='ocrx_word' id='word_1_117' title='bbox 357 1333 428 1395; x_wconf 85' lang='lat' dir='ltr'>verb</span> <span class='ocrx_word' id='word_1_118' title='bbox 439 1333 685 1411; x_wconf 88' lang='lat' dir='ltr'>impedimentum</span> <span class='ocrx_word' id='word_1_119' title='bbox 705 1334 744 1392; x_wconf 89' lang='lat' dir='ltr'>sit</span> <span class='ocrx_word' id='word_1_120' title='bbox 760 1339 936 1412; x_wconf 88' lang='lat' dir='ltr'>perpetuom</span> <span class='ocrx_word' id='word_1_121' title='bbox 951 1334 993 1412; x_wconf 93' lang='lat' dir='ltr'>(id</span> <span class='ocrx_word' id='word_1_122' title='bbox 1014 1342 1058 1396; x_wconf 88' lang='lat' dir='ltr'>est</span> <span class='ocrx_word' id='word_1_123' title='bbox 1074 1335 1168 1397; x_wconf 60' lang='lat' dir='ltr'>turra</span> 
     </span>
     <span class='ocr_line' id='line_1_15' title="bbox 164 1418 1171 1501; baseline -0.001 -20"><span class='ocrx_word' id='word_1_124' title='bbox 164 1428 267 1482; x_wconf 89' lang='lat' dir='ltr'>turum</span> <span class='ocrx_word' id='word_1_125' title='bbox 283 1421 322 1480; x_wconf 90' lang='lat' dir='ltr'>sit</span> <span class='ocrx_word' id='word_1_126' title='bbox 332 1438 386 1501; x_wconf 89' lang='lat' dir='ltr'>per</span> <span class='ocrx_word' id='word_1_127' title='bbox 405 1419 505 1479; x_wconf 90' lang='lat' dir='ltr'>decem</span> <span class='ocrx_word' id='word_1_128' title='bbox 519 1436 627 1489; x_wconf 82' lang='lat' dir='ltr'>annos,</span> <span class='ocrx_word' id='word_1_129' title='bbox 643 1418 691 1478; x_wconf 86' lang='lat' dir='ltr'>vei</span> <span class='ocrx_word' id='word_1_130' title='bbox 712 1418 815 1480; x_wconf 86' lang='lat' dir='ltr'>saltem</span> <span class='ocrx_word' id='word_1_131' title='bbox 833 1419 964 1495; x_wconf 87' lang='lat' dir='ltr'>quinque</span> <span class='ocrx_word' id='word_1_132' title='bbox 980 1462 990 1490; x_wconf 87' lang='lat'>‚</span> <span class='ocrx_word' id='word_1_133' title='bbox 1009 1428 1043 1479; x_wconf 91' lang='lat' dir='ltr'>ut</span> <span class='ocrx_word' id='word_1_134' title='bbox 1063 1420 1171 1481; x_wconf 89' lang='lat' dir='ltr'>dicunt</span> 
     </span>
     <span class='ocr_line' id='line_1_16' title="bbox 164 1500 1169 1585; baseline -0.001 -21"><span class='ocrx_word' id='word_1_135' title='bbox 164 1500 341 1585; x_wconf 60' lang='lat' dir='ltr'>bonoculo,</span> <span class='ocrx_word' id='word_1_136' title='bbox 369 1501 447 1564; x_wconf 81' lang='lat' dir='ltr'>Vico</span> <span class='ocrx_word' id='word_1_137' title='bbox 459 1511 488 1562; x_wconf 87' lang='lat' dir='ltr'>ct</span> <span class='ocrx_word' id='word_1_138' title='bbox 505 1501 619 1577; x_wconf 81' lang='lat' dir='ltr'>Tomb.)</span> <span class='ocrx_word' id='word_1_139' title='bbox 632 1502 758 1561; x_wconf 88' lang='lat' dir='ltr'>absoluti</span> <span class='ocrx_word' id='word_1_140' title='bbox 774 1510 929 1562; x_wconf 81' lang='lat' dir='ltr'>remanent</span> <span class='ocrx_word' id='word_1_141' title='bbox 944 1500 1062 1581; x_wconf 74' lang='lat' dir='ltr'>penitius</span> <span class='ocrx_word' id='word_1_142' title='bbox 1078 1504 1169 1564; x_wconf 88' lang='lat' dir='ltr'>liberi</span> 
     </span>
     <span class='ocr_line' id='line_1_17' title="bbox 164 1585 1170 1664; baseline -0.002 -16"><span class='ocrx_word' id='word_1_143' title='bbox 164 1587 201 1648; x_wconf 87' lang='lat' dir='ltr'>ob</span> <span class='ocrx_word' id='word_1_144' title='bbox 221 1588 399 1664; x_wconf 71' lang='lat' dir='ltr'>obligatione</span> <span class='ocrx_word' id='word_1_145' title='bbox 418 1604 449 1645; x_wconf 91' lang='lat' dir='ltr'>se</span> <span class='ocrx_word' id='word_1_146' title='bbox 462 1586 668 1662; x_wconf 82' lang='lat' dir='ltr'>praesentandi.</span> <span class='ocrx_word' id='word_1_147' title='bbox 682 1585 739 1644; x_wconf 86' lang='lat' dir='ltr'>Sed</span> <span class='ocrx_word' id='word_1_148' title='bbox 751 1586 928 1661; x_wconf 78' lang='lat' dir='ltr'>generaliter</span> <span class='ocrx_word' id='word_1_149' title='bbox 947 1586 1095 1662; x_wconf 87' lang='lat' dir='ltr'>loquendo</span> <span class='ocrx_word' id='word_1_150' title='bbox 1109 1587 1170 1645; x_wconf 83' lang='lat' dir='ltr'>im-&#39;</span> 
     </span>
     <span class='ocr_line' id='line_1_18' title="bbox 163 1668 1169 1746; baseline -0.003 -16"><span class='ocrx_word' id='word_1_151' title='bbox 163 1670 255 1746; x_wconf 90' lang='lat' dir='ltr'>pediti</span> <span class='ocrx_word' id='word_1_152' title='bbox 274 1671 305 1731; x_wconf 89' lang='lat' dir='ltr'>in</span> <span class='ocrx_word' id='word_1_153' title='bbox 326 1676 504 1746; x_wconf 84' lang='lat' dir='ltr'>perpetuum</span> <span class='ocrx_word' id='word_1_154' title='bbox 523 1668 662 1730; x_wconf 84' lang='lat' dir='ltr'>dicuntur</span> <span class='ocrx_word' id='word_1_155' title='bbox 685 1670 713 1727; x_wconf 92' lang='lat' dir='ltr'>l.</span> <span class='ocrx_word' id='word_1_156' title='bbox 730 1668 940 1741; x_wconf 79' lang='lat' dir='ltr'>Filiilamilias3</span> <span class='ocrx_word' id='word_1_157' title='bbox 960 1670 992 1728; x_wconf 74' lang='lat'>2.</span> <span class='ocrx_word' id='word_1_158' title='bbox 1010 1670 1169 1746; x_wconf 80' lang='lat' dir='ltr'>Religiosl,</span> 
     </span>
     <span class='ocr_line' id='line_1_19' title="bbox 162 1746 1172 1829; baseline -0.002 -15"><span class='ocrx_word' id='word_1_159' title='bbox 162 1754 274 1814; x_wconf 87' lang='lat' dir='ltr'>etiamsi</span> <span class='ocrx_word' id='word_1_160' title='bbox 285 1754 464 1812; x_wconf 82' lang='lat' dir='ltr'>incurrerint</span> <span class='ocrx_word' id='word_1_161' title='bbox 477 1768 629 1812; x_wconf 86' lang='lat' dir='ltr'>censuram</span> <span class='ocrx_word' id='word_1_162' title='bbox 640 1761 708 1811; x_wconf 87' lang='lat' dir='ltr'>unte</span> <span class='ocrx_word' id='word_1_163' title='bbox 719 1746 902 1828; x_wconf 75' lang='lat' dir='ltr'>ingressum,</span> <span class='ocrx_word' id='word_1_164' title='bbox 917 1754 946 1811; x_wconf 77' lang='lat'>5.</span> <span class='ocrx_word' id='word_1_165' title='bbox 961 1770 1044 1812; x_wconf 80' lang='lat' dir='ltr'>senes</span> <span class='ocrx_word' id='word_1_166' title='bbox 1056 1762 1172 1829; x_wconf 85' lang='lat' dir='ltr'>septun-</span> 
     </span>
    </p>

    <p class='ocr_par' dir='ltr' id='par_1_6' title="bbox 142 1835 1174 2829">
     <span class='ocr_line' id='line_1_20' title="bbox 142 1835 1172 1917; baseline 0.001 -21"><span class='ocrx_word' id='word_1_167' title='bbox 142 1907 145 1917; x_wconf 13' lang='grc' dir='ltr'>ἢ</span> <span class='ocrx_word' id='word_1_168' title='bbox 163 1836 274 1915; x_wconf 79' lang='lat' dir='ltr'>genarii</span> <span class='ocrx_word' id='word_1_169' title='bbox 285 1840 334 1906; x_wconf 71' lang='lat' dir='ltr'>‚Ia</span> <span class='ocrx_word' id='word_1_170' title='bbox 347 1837 441 1907; x_wconf 87' lang='lat' dir='ltr'>servi,</span> <span class='ocrx_word' id='word_1_171' title='bbox 455 1838 482 1896; x_wconf 79' lang='lat' dir='ltr'>t.</span> <span class='ocrx_word' id='word_1_172' title='bbox 497 1853 655 1913; x_wconf 78' lang='lat' dir='ltr'>pauperes,</span> <span class='ocrx_word' id='word_1_173' title='bbox 671 1838 701 1894; x_wconf 88' lang='lat' dir='ltr'>o.</span> <span class='ocrx_word' id='word_1_174' title='bbox 712 1835 842 1895; x_wconf 85' lang='lat' dir='ltr'>damnati</span> <span class='ocrx_word' id='word_1_175' title='bbox 856 1837 888 1896; x_wconf 91' lang='lat' dir='ltr'>in</span> <span class='ocrx_word' id='word_1_176' title='bbox 900 1837 960 1894; x_wconf 87' lang='lat' dir='ltr'>vita</span> <span class='ocrx_word' id='word_1_177' title='bbox 972 1837 1010 1895; x_wconf 88' lang='lat' dir='ltr'>ad</span> <span class='ocrx_word' id='word_1_178' title='bbox 1019 1837 1172 1908; x_wconf 53' lang='lat' dir='ltr'>triremesa</span> 
     </span>
     <span class='ocr_line' id='line_1_21' title="bbox 164 1918 1173 1996; baseline 0.001 -18"><span class='ocrx_word' id='word_1_179' title='bbox 164 1923 212 1981; x_wconf 92' lang='lat' dir='ltr'>vel</span> <span class='ocrx_word' id='word_1_180' title='bbox 240 1937 390 1991; x_wconf 83' lang='lat' dir='ltr'>carceres,</span> <span class='ocrx_word' id='word_1_181' title='bbox 417 1921 446 1978; x_wconf 88' lang='grc'>7.</span> <span class='ocrx_word' id='word_1_182' title='bbox 479 1918 591 1980; x_wconf 87' lang='lat' dir='ltr'>infirmi</span> <span class='ocrx_word' id='word_1_183' title='bbox 616 1919 721 1978; x_wconf 90' lang='lat' dir='ltr'>morbo</span> <span class='ocrx_word' id='word_1_184' title='bbox 747 1920 855 1996; x_wconf 76' lang='lat' dir='ltr'>gravi,</span> <span class='ocrx_word' id='word_1_185' title='bbox 881 1927 912 1978; x_wconf 87' lang='lat' dir='ltr'>et</span> <span class='ocrx_word' id='word_1_186' title='bbox 939 1920 1106 1991; x_wconf 77' lang='lat' dir='ltr'>diuturno,</span> <span class='ocrx_word' id='word_1_187' title='bbox 1133 1930 1173 1980; x_wconf 86' lang='lat' dir='ltr'>ut</span> 
     </span>
     <span class='ocr_line' id='line_1_22' title="bbox 164 2002 1172 2084; baseline -0.003 -17"><span class='ocrx_word' id='word_1_188' title='bbox 164 2006 330 2084; x_wconf 76' lang='lat' dir='ltr'>quartana,</span> <span class='ocrx_word' id='word_1_189' title='bbox 352 2011 384 2064; x_wconf 90' lang='lat' dir='ltr'>et</span> <span class='ocrx_word' id='word_1_190' title='bbox 404 2002 516 2070; x_wconf 77' lang='lat' dir='ltr'>simili.</span> <span class='ocrx_word' id='word_1_191' title='bbox 535 2003 566 2061; x_wconf 86' lang='grc'><strong>8.</strong></span> <span class='ocrx_word' id='word_1_192' title='bbox 593 2003 645 2080; x_wconf 88' lang='lat' dir='ltr'>qui</span> <span class='ocrx_word' id='word_1_193' title='bbox 665 2003 743 2061; x_wconf 87' lang='lat' dir='ltr'>alere</span> <span class='ocrx_word' id='word_1_194' title='bbox 766 2011 925 2075; x_wconf 86' lang='lat' dir='ltr'>tenentur,</span> <span class='ocrx_word' id='word_1_195' title='bbox 940 2004 987 2062; x_wconf 87' lang='lat' dir='ltr'>val</span> <span class='ocrx_word' id='word_1_196' title='bbox 1001 2004 1172 2066; x_wconf 77' lang='lat' dir='ltr'>ministrare</span> 
     </span>
     <span class='ocr_line' id='line_1_23' title="bbox 163 2087 1172 2157; baseline 0 -8"><span class='ocrx_word' id='word_1_197' title='bbox 163 2091 240 2150; x_wconf 90' lang='lat' dir='ltr'>bona</span> <span class='ocrx_word' id='word_1_198' title='bbox 261 2089 401 2157; x_wconf 69' lang='lat' dir='ltr'>familie,</span> <span class='ocrx_word' id='word_1_199' title='bbox 429 2089 459 2146; x_wconf 87' lang='grc'><strong>9.</strong></span> <span class='ocrx_word' id='word_1_200' title='bbox 482 2103 584 2149; x_wconf 79' lang='lat' dir='ltr'>omnes</span> <span class='ocrx_word' id='word_1_201' title='bbox 614 2087 770 2157; x_wconf 87' lang='lat' dir='ltr'>mulieres,</span> <span class='ocrx_word' id='word_1_202' title='bbox 795 2088 910 2152; x_wconf 88' lang='lat' dir='ltr'>etiamsi</span> <span class='ocrx_word' id='word_1_203' title='bbox 937 2105 998 2149; x_wconf 88' lang='lat' dir='ltr'>non</span> <span class='ocrx_word' id='word_1_204' title='bbox 1018 2088 1172 2149; x_wconf 82' lang='lat' dir='ltr'>¹moniales</span> 
     </span>
     <span class='ocr_line' id='line_1_24' title="bbox 165 2166 1172 2251; baseline 0 -21"><span class='ocrx_word' id='word_1_205' title='bbox 165 2173 295 2251; x_wconf 81' lang='lat' dir='ltr'>(excepta</span> <span class='ocrx_word' id='word_1_206' title='bbox 318 2170 646 2243; x_wconf 73' lang='lat' dir='ltr'>excommunicatione,</span> <span class='ocrx_word' id='word_1_207' title='bbox 678 2187 745 2246; x_wconf 86' lang='lat' dir='ltr'>qnae</span> <span class='ocrx_word' id='word_1_208' title='bbox 771 2170 935 2231; x_wconf 86' lang='lat' dir='ltr'>incurritur</span> <span class='ocrx_word' id='word_1_209' title='bbox 954 2169 970 2229; x_wconf 81' lang='lat' dir='ltr'>b</span> <span class='ocrx_word' id='word_1_210' title='bbox 991 2166 1172 2231; x_wconf 86' lang='lat' dir='ltr'>monialibus</span> 
     </span>
     <span class='ocr_line' id='line_1_25' title="bbox 164 2253 1171 2330; baseline -0.002 -15"><span class='ocrx_word' id='word_1_211' title='bbox 164 2257 202 2315; x_wconf 94' lang='lat' dir='ltr'>ob</span> <span class='ocrx_word' id='word_1_212' title='bbox 226 2256 397 2319; x_wconf 80' lang='lat' dir='ltr'>fractionem</span> <span class='ocrx_word' id='word_1_213' title='bbox 420 2253 584 2321; x_wconf 76' lang='lat' dir='ltr'>clausura,</span> <span class='ocrx_word' id='word_1_214' title='bbox 613 2254 936 2329; x_wconf 72' lang='lat' dir='ltr'>quamsecurium,</span> <span class='ocrx_word' id='word_1_215' title='bbox 958 2270 1026 2330; x_wconf 74' lang='lat' dir='ltr'>uuo</span> <span class='ocrx_word' id='word_1_216' title='bbox 1049 2271 1171 2330; x_wconf 85' lang='lat' dir='ltr'>sempor</span> 
     </span>
     <span class='ocr_line' id='line_1_26' title="bbox 164 2335 1172 2415; baseline -0.004 -17"><span class='ocrx_word' id='word_1_217' title='bbox 164 2345 330 2398; x_wconf 81' lang='lat' dir='ltr'>reservatur</span> <span class='ocrx_word' id='word_1_218' title='bbox 347 2339 431 2412; x_wconf 80' lang='lat' dir='ltr'>Papae</span> <span class='ocrx_word' id='word_1_219' title='bbox 459 2353 495 2395; x_wconf 78' lang='lat' dir='ltr'>en</span> <span class='ocrx_word' id='word_1_220' title='bbox 514 2335 711 2401; x_wconf 79' lang='lat' dir='ltr'>declaratione</span> <span class='ocrx_word' id='word_1_221' title='bbox 731 2335 865 2415; x_wconf 77' lang='lat' dir='ltr'>Graporii</span> <span class='ocrx_word' id='word_1_222' title='bbox 880 2338 978 2398; x_wconf 83' lang='lat' dir='ltr'><strong><em>XIII.</em></strong></span> <span class='ocrx_word' id='word_1_223' title='bbox 992 2345 1026 2396; x_wconf 90' lang='lat' dir='ltr'>ut</span> <span class='ocrx_word' id='word_1_224' title='bbox 1039 2336 1172 2397; x_wconf 76' lang='lat' dir='ltr'>dirimas</span> 
     </span>
     <span class='ocr_line' id='line_1_27' title="bbox 164 2418 1173 2497; baseline -0.004 -14"><span class='ocrx_word' id='word_1_225' title='bbox 164 2439 201 2483; x_wconf 63' lang='lat' dir='ltr'>aa</span> <span class='ocrx_word' id='word_1_226' title='bbox 221 2420 303 2496; x_wconf 76' lang='grc'><strong>58),</strong></span> <span class='ocrx_word' id='word_1_227' title='bbox 327 2421 375 2479; x_wconf 88' lang='lat' dir='ltr'>l0.</span> <span class='ocrx_word' id='word_1_228' title='bbox 399 2418 570 2496; x_wconf 76' lang='lat' dir='ltr'>tmpuberes</span> <span class='ocrx_word' id='word_1_229' title='bbox 588 2420 703 2479; x_wconf 68' lang='lat' dir='ltr'>etamsi</span> <span class='ocrx_word' id='word_1_230' title='bbox 721 2428 855 2495; x_wconf 87' lang='lat' dir='ltr'>peterent</span> <span class='ocrx_word' id='word_1_231' title='bbox 867 2420 1078 2491; x_wconf 86' lang='lat' dir='ltr'>absolutionem</span> <span class='ocrx_word' id='word_1_232' title='bbox 1099 2428 1173 2497; x_wconf 87' lang='lat' dir='ltr'>post</span> 
     </span>
     <span class='ocr_line' id='line_1_28' title="bbox 165 2502 1171 2581; baseline -0.002 -18"><span class='ocrx_word' id='word_1_233' title='bbox 165 2504 369 2581; x_wconf 87' lang='lat' dir='ltr'>pubertatem,</span> <span class='ocrx_word' id='word_1_234' title='bbox 393 2504 441 2561; x_wconf 86' lang='lat' dir='ltr'>li.</span> <span class='ocrx_word' id='word_1_235' title='bbox 460 2503 511 2578; x_wconf 90' lang='lat' dir='ltr'>qui</span> <span class='ocrx_word' id='word_1_236' title='bbox 534 2503 694 2568; x_wconf 82' lang='lat' dir='ltr'>convivunt</span> <span class='ocrx_word' id='word_1_237' title='bbox 714 2504 746 2561; x_wconf 91' lang='lat' dir='ltr'>in</span> <span class='ocrx_word' id='word_1_238' title='bbox 774 2505 839 2565; x_wconf 84' lang='lat' dir='ltr'>luco</span> <span class='ocrx_word' id='word_1_239' title='bbox 851 2502 952 2578; x_wconf 80' lang='lat' dir='ltr'>aliquo</span> <span class='ocrx_word' id='word_1_240' title='bbox 971 2503 1050 2562; x_wconf 85' lang='lat' dir='ltr'>unde</span> <span class='ocrx_word' id='word_1_241' title='bbox 1066 2502 1171 2579; x_wconf 74' lang='lat' dir='ltr'>egredi</span> 
     </span>
     <span class='ocr_line' id='line_1_29' title="bbox 165 2585 1174 2664; baseline -0.003 -17"><span class='ocrx_word' id='word_1_242' title='bbox 165 2595 316 2664; x_wconf 83' lang='lat' dir='ltr'>nequeunt</span> <span class='ocrx_word' id='word_1_243' title='bbox 324 2629 334 2661; x_wconf 85' lang='lat'><strong><em>,</em></strong></span> <span class='ocrx_word' id='word_1_244' title='bbox 353 2593 392 2644; x_wconf 89' lang='lat' dir='ltr'>ut</span> <span class='ocrx_word' id='word_1_245' title='bbox 403 2585 530 2655; x_wconf 62' lang='lat' dir='ltr'>militm,</span> <span class='ocrx_word' id='word_1_246' title='bbox 549 2586 749 2649; x_wconf 69' lang='lat' dir='ltr'>seminariam.</span> <span class='ocrx_word' id='word_1_247' title='bbox 761 2585 928 2644; x_wconf 82' lang='lat' dir='ltr'>littondem</span> <span class='ocrx_word' id='word_1_248' title='bbox 941 2588 1036 2649; x_wconf 77' lang='lat' dir='ltr'>oaeteri</span> <span class='ocrx_word' id='word_1_249' title='bbox 1046 2600 1150 2649; x_wconf 78' lang='lat' dir='ltr'>omnes</span> <span class='ocrx_word' id='word_1_250' title='bbox 1159 2621 1174 2658; x_wconf 39' lang='grc' dir='ltr'>,ι</span> 
     </span>
     <span class='ocr_line' id='line_1_30' title="bbox 164 2669 1170 2747; baseline 0.004 -20"><span class='ocrx_word' id='word_1_251' title='bbox 164 2670 215 2745; x_wconf 86' lang='lat' dir='ltr'>qui</span> <span class='ocrx_word' id='word_1_252' title='bbox 240 2676 392 2745; x_wconf 85' lang='lat' dir='ltr'>noqueunt</span> <span class='ocrx_word' id='word_1_253' title='bbox 411 2671 533 2729; x_wconf 81' lang='lat' dir='ltr'>ltoruam</span> <span class='ocrx_word' id='word_1_254' title='bbox 554 2670 598 2728; x_wconf 76' lang='lat' dir='ltr'>iro</span> <span class='ocrx_word' id='word_1_255' title='bbox 622 2669 687 2728; x_wconf 88' lang='lat' dir='ltr'>sine</span> <span class='ocrx_word' id='word_1_256' title='bbox 713 2669 795 2745; x_wconf 79' lang='lat' dir='ltr'>gravi</span> <span class='ocrx_word' id='word_1_257' title='bbox 808 2669 916 2729; x_wconf 79' lang='lat' dir='ltr'>damno</span> <span class='ocrx_word' id='word_1_258' title='bbox 933 2670 984 2729; x_wconf 86' lang='lat' dir='ltr'>rel</span> <span class='ocrx_word' id='word_1_259' title='bbox 999 2671 1170 2747; x_wconf 85' lang='lat' dir='ltr'>spirituali,</span> 
     </span>
     <span class='ocr_line' id='line_1_31' title="bbox 164 2746 874 2829; baseline 0.003 -20"><span class='ocrx_word' id='word_1_260' title='bbox 164 2751 211 2810; x_wconf 86' lang='lat' dir='ltr'>vel</span> <span class='ocrx_word' id='word_1_261' title='bbox 230 2751 395 2829; x_wconf 84' lang='lat' dir='ltr'>temporali.</span> <span class='ocrx_word' id='word_1_262' title='bbox 416 2749 486 2813; x_wconf 77' lang='lat' dir='ltr'>Vide</span> <span class='ocrx_word' id='word_1_263' title='bbox 501 2746 552 2811; x_wconf 72' lang='lat' dir='ltr'>tit.</span> <span class='ocrx_word' id='word_1_264' title='bbox 570 2754 601 2810; x_wconf 88' lang='grc'>7.</span> <span class='ocrx_word' id='word_1_265' title='bbox 622 2751 721 2815; x_wconf 71' lang='lat' dir='ltr'>ast.</span> <span class='ocrx_word' id='word_1_266' title='bbox 734 2759 764 2810; x_wconf 89' lang='lat' dir='ltr'>ct</span> <span class='ocrx_word' id='word_1_267' title='bbox 777 2751 826 2811; x_wconf 87' lang='grc'><strong>88.</strong></span> <span class='ocrx_word' id='word_1_268' title='bbox 871 2782 874 2801; x_wconf 71' lang='grc' dir='ltr'>ι</span> 
     </span>
    </p>
   </div>
   <div class='ocr_carea' id='block_1_6' title="bbox 137 2861 1174 3609">
    <p class='ocr_par' dir='ltr' id='par_1_7' title="bbox 137 2861 1174 3609">
     <span class='ocr_line' id='line_1_32' title="bbox 202 2861 1171 2946; baseline 0.006 -23"><span class='ocrx_word' id='word_1_269' title='bbox 202 2866 252 2923; x_wconf 79' lang='lat' dir='ltr'>ll.</span> <span class='ocrx_word' id='word_1_270' title='bbox 264 2895 303 2909; x_wconf 89' lang='lat'><em>-</em></span> <span class='ocrx_word' id='word_1_271' title='bbox 315 2861 482 2924; x_wconf 86' lang='lat' dir='ltr'>Notandum</span> <span class='ocrx_word' id='word_1_272' title='bbox 501 2866 529 2923; x_wconf 81' lang='lat'>5.</span> <span class='ocrx_word' id='word_1_273' title='bbox 551 2865 630 2943; x_wconf 85' lang='lat' dir='ltr'>qodd</span> <span class='ocrx_word' id='word_1_274' title='bbox 648 2864 747 2925; x_wconf 86' lang='lat' dir='ltr'>taliter</span> <span class='ocrx_word' id='word_1_275' title='bbox 765 2864 897 2943; x_wconf 85' lang='lat' dir='ltr'>impediti</span> <span class='ocrx_word' id='word_1_276' title='bbox 915 2866 1076 2928; x_wconf 85' lang='lat' dir='ltr'>secundriru</span> <span class='ocrx_word' id='word_1_277' title='bbox 1097 2887 1171 2946; x_wconf 88' lang='lat' dir='ltr'>pro-</span> 
     </span>
     <span class='ocr_line' id='line_1_33' title="bbox 165 2948 1169 3028; baseline 0.005 -20"><span class='ocrx_word' id='word_1_278' title='bbox 165 2948 367 3018; x_wconf 83' lang='lat' dir='ltr'>habiliorem,</span> <span class='ocrx_word' id='word_1_279' title='bbox 394 2964 641 3025; x_wconf 87' lang='lat' dir='ltr'>communemque</span> <span class='ocrx_word' id='word_1_280' title='bbox 666 2950 841 3008; x_wconf 87' lang='lat' dir='ltr'>sententiam</span> <span class='ocrx_word' id='word_1_281' title='bbox 867 2948 1030 3028; x_wconf 70' lang='lat' dir='ltr'>Cusuopcl.</span> <span class='ocrx_word' id='word_1_282' title='bbox 1059 2951 1169 3026; x_wconf 76' lang='lat' dir='ltr'>dailo,</span> 
     </span>
     <span class='ocr_line' id='line_1_34' title="bbox 167 3026 1170 3110; baseline 0.003 -19"><span class='ocrx_word' id='word_1_283' title='bbox 167 3028 320 3091; x_wconf 79' lang='lat' dir='ltr'>Coaiocltit&#39;</span> <span class='ocrx_word' id='word_1_284' title='bbox 329 3071 338 3099; x_wconf 89' lang='lat'>‚</span> <span class='ocrx_word' id='word_1_285' title='bbox 366 3026 525 3102; x_wconf 69' lang='lat' dir='ltr'>blitardo,</span> <span class='ocrx_word' id='word_1_286' title='bbox 543 3028 729 3110; x_wconf 54' lang='lat' dir='ltr'>Romulia,</span> <span class='ocrx_word' id='word_1_287' title='bbox 746 3029 1044 3105; x_wconf 81' lang='lat' dir='ltr'>Soluronticeasicat‚</span> <span class='ocrx_word' id='word_1_288' title='bbox 1066 3034 1170 3107; x_wconf 76' lang='lat' dir='ltr'>Viam,</span> 
     </span>
     <span class='ocr_line' id='line_1_35' title="bbox 163 3109 1172 3196; baseline 0.005 -24"><span class='ocrx_word' id='word_1_289' title='bbox 163 3115 271 3190; x_wconf 84' lang='lat' dir='ltr'>Sporcr</span> <span class='ocrx_word' id='word_1_290' title='bbox 279 3155 289 3186; x_wconf 90' lang='lat'><strong><em>,</em></strong></span> <span class='ocrx_word' id='word_1_291' title='bbox 312 3109 462 3172; x_wconf 81' lang='lat' dir='ltr'>Dicottc&#39;lli</span> <span class='ocrx_word' id='word_1_292' title='bbox 472 3156 493 3193; x_wconf 20' lang='grc' dir='ltr'>,ἢ</span> <span class='ocrx_word' id='word_1_293' title='bbox 507 3111 689 3192; x_wconf 81' lang='lat' dir='ltr'>aliorumque</span> <span class='ocrx_word' id='word_1_294' title='bbox 715 3113 836 3192; x_wconf 80' lang='lat' dir='ltr'>(contra</span> <span class='ocrx_word' id='word_1_295' title='bbox 850 3118 963 3175; x_wconf 84' lang='lat' dir='ltr'>Boooc.</span> <span class='ocrx_word' id='word_1_296' title='bbox 984 3123 1012 3174; x_wconf 88' lang='lat' dir='ltr'>et</span> <span class='ocrx_word' id='word_1_297' title='bbox 1028 3118 1172 3196; x_wconf 80' lang='lat' dir='ltr'>Puteola)</span> 
     </span>
     <span class='ocr_line' id='line_1_36' title="bbox 165 3197 1171 3278; baseline 0.004 -21"><span class='ocrx_word' id='word_1_298' title='bbox 165 3213 224 3257; x_wconf 90' lang='lat' dir='ltr'>non</span> <span class='ocrx_word' id='word_1_299' title='bbox 248 3200 386 3254; x_wconf 86' lang='lat' dir='ltr'>tenentur</span> <span class='ocrx_word' id='word_1_300' title='bbox 407 3212 562 3255; x_wconf 84' lang='lat' dir='ltr'>recurrere</span> <span class='ocrx_word' id='word_1_301' title='bbox 583 3197 706 3255; x_wconf 86' lang='lat' dir='ltr'>Romam</span> <span class='ocrx_word' id='word_1_302' title='bbox 719 3215 772 3274; x_wconf 87' lang='lat' dir='ltr'>per</span> <span class='ocrx_word' id='word_1_303' title='bbox 791 3206 1032 3276; x_wconf 87' lang='lat' dir='ltr'>procuratorem,</span> <span class='ocrx_word' id='word_1_304' title='bbox 1049 3208 1100 3259; x_wconf 87' lang='lat' dir='ltr'>ont</span> <span class='ocrx_word' id='word_1_305' title='bbox 1114 3218 1171 3278; x_wconf 87' lang='lat' dir='ltr'>per</span> 
     </span>
     <span class='ocr_line' id='line_1_37' title="bbox 137 3277 1169 3359; baseline 0.011 -28"><span class='ocrx_word' id='word_1_306' title='bbox 137 3325 140 3331; x_wconf 84' lang='grc'><strong>.</strong></span> <span class='ocrx_word' id='word_1_307' title='bbox 165 3277 339 3355; x_wconf 89' lang='lat' dir='ltr'>epistolam,</span> <span class='ocrx_word' id='word_1_308' title='bbox 366 3277 433 3353; x_wconf 88' lang='lat' dir='ltr'>quia</span> <span class='ocrx_word' id='word_1_309' title='bbox 459 3281 555 3336; x_wconf 75' lang='lat' dir='ltr'>&#39;stante</span> <span class='ocrx_word' id='word_1_310' title='bbox 573 3278 786 3355; x_wconf 87' lang='lat' dir='ltr'>impedimento</span> <span class='ocrx_word' id='word_1_311' title='bbox 807 3280 852 3358; x_wconf 81' lang='lat' dir='ltr'>(ut</span> <span class='ocrx_word' id='word_1_312' title='bbox 865 3281 992 3339; x_wconf 84' lang='lat' dir='ltr'>diximus</span> <span class='ocrx_word' id='word_1_313' title='bbox 1016 3299 1049 3340; x_wconf 80' lang='lat' dir='ltr'>n.</span> <span class='ocrx_word' id='word_1_314' title='bbox 1075 3282 1169 3359; x_wconf 69' lang='grc'>48),</span> 
     </span>
     <span class='ocr_line' id='line_1_38' title="bbox 163 3360 1173 3442; baseline 0.007 -23"><span class='ocrx_word' id='word_1_315' title='bbox 163 3360 332 3419; x_wconf 86' lang='lat' dir='ltr'>restituitor</span> <span class='ocrx_word' id='word_1_316' title='bbox 360 3360 508 3436; x_wconf 81' lang='lat' dir='ltr'>Episcopis</span> <span class='ocrx_word' id='word_1_317' title='bbox 538 3369 666 3437; x_wconf 87' lang='lat' dir='ltr'>potestas</span> <span class='ocrx_word' id='word_1_318' title='bbox 690 3364 839 3422; x_wconf 84' lang='lat' dir='ltr'>ordinaria</span> <span class='ocrx_word' id='word_1_319' title='bbox 869 3363 1065 3436; x_wconf 86' lang='lat' dir='ltr'>absolvendi,</span> <span class='ocrx_word' id='word_1_320' title='bbox 1092 3383 1173 3442; x_wconf 76' lang='lat' dir='ltr'>quac</span> 
     </span>
     <span class='ocr_line' id='line_1_39' title="bbox 164 3441 1172 3525; baseline 0.012 -27"><span class='ocrx_word' id='word_1_321' title='bbox 164 3442 236 3516; x_wconf 91' lang='lat' dir='ltr'>ipsis</span> <span class='ocrx_word' id='word_1_322' title='bbox 252 3461 306 3518; x_wconf 89' lang='lat' dir='ltr'>per</span> <span class='ocrx_word' id='word_1_323' title='bbox 327 3441 507 3517; x_wconf 80' lang='lat' dir='ltr'>pontificiam</span> <span class='ocrx_word' id='word_1_324' title='bbox 520 3445 746 3505; x_wconf 84' lang='lat' dir='ltr'>reservationem</span> <span class='ocrx_word' id='word_1_325' title='bbox 759 3448 854 3506; x_wconf 87' lang='lat' dir='ltr'>luerat</span> <span class='ocrx_word' id='word_1_326' title='bbox 871 3447 976 3508; x_wconf 79' lang='lat' dir='ltr'>ablata.</span> <span class='ocrx_word' id='word_1_327' title='bbox 994 3445 1035 3511; x_wconf 85' lang='grc' dir='ltr'>Εὸ</span> <span class='ocrx_word' id='word_1_328' title='bbox 1054 3449 1172 3525; x_wconf 82' lang='lat' dir='ltr'>magis,</span> 
     </span>
     <span class='ocr_line' id='line_1_40' title="bbox 165 3523 1174 3609; baseline 0.013 -30"><span class='ocrx_word' id='word_1_329' title='bbox 165 3524 234 3597; x_wconf 88' lang='lat' dir='ltr'>quia</span> <span class='ocrx_word' id='word_1_330' title='bbox 247 3525 295 3584; x_wconf 83' lang='lat' dir='ltr'>lex</span> <span class='ocrx_word' id='word_1_331' title='bbox 311 3523 348 3583; x_wconf 88' lang='lat' dir='ltr'>ad</span> <span class='ocrx_word' id='word_1_332' title='bbox 367 3524 447 3585; x_wconf 82' lang='lat' dir='ltr'>aliud</span> <span class='ocrx_word' id='word_1_333' title='bbox 466 3540 526 3586; x_wconf 90' lang='lat' dir='ltr'>non</span> <span class='ocrx_word' id='word_1_334' title='bbox 539 3528 649 3608; x_wconf 74' lang='lat' dir='ltr'>obligat</span> <span class='ocrx_word' id='word_1_335' title='bbox 662 3571 672 3605; x_wconf 89' lang='lat'><strong>,</strong></span> <span class='ocrx_word' id='word_1_336' title='bbox 685 3530 741 3590; x_wconf 86' lang='lat' dir='ltr'>nisi</span> <span class='ocrx_word' id='word_1_337' title='bbox 752 3530 788 3590; x_wconf 86' lang='lat' dir='ltr'>ad</span> <span class='ocrx_word' id='word_1_338' title='bbox 799 3548 951 3592; x_wconf 88' lang='lat' dir='ltr'>recursum</span> <span class='ocrx_word' id='word_1_339' title='bbox 960 3530 1147 3608; x_wconf 84' lang='lat' dir='ltr'>personalem</span> <span class='ocrx_word' id='word_1_340' title='bbox 1163 3552 1174 3609; x_wconf 79' lang='lat'>3</span> 
     </span>
    </p>
   </div>
   <div class='ocr_carea' id='block_1_7' title="bbox 0 0 1332 4150">
    <p class='ocr_par' dir='ltr' id='par_1_8' title="bbox 0 0 1332 4150">
     <span class='ocr_line' id='line_1_41' title="bbox 0 0 1332 4150; baseline 0 0"><span class='ocrx_word' id='word_1_341' title='bbox 0 0 1332 4150; x_wconf 95' lang='lat' dir='ltr'> </span> 
     </span>
    </p>
   </div>
  </div>
 </body>
</html>
