2642 4150
155 213 215 275 hil
581 210 736 290 Appeurlior

156 329 256 456 serape
276 312 346 372 darc
367 309 408 373 de'
425 312 524 390 prauis
539 312 645 387 libris,
666 331 727 372 nou
749 313 821 374 verb
845 314 910 374 illos
934 312 1110 391 prohibere,
1131 326 1164 380 et

157 413 222 458 com
244 413 339 456 urere.

562 577 684 639 CAPUT
704 580 753 639 tv.

159 754 410 857 Respondetur
438 760 606 834 inanibus
630 727 921 834 adversariorum
945 760 1165 860 objectioni·

207 860 301 955 bus,
317 862 453 961 quibus
464 864 888 963 inrpugnaturlihrorum
905 864 1102 963 prohibitio
1114 870 1164 942 ah

208 963 366 1041 Ecclesia
385 967 532 1041 indicta.

200 1146 225 1204 Ι.
240 1145 355 1205 Diversi
379 1147 494 1206 diverso
514 1147 669 1230 pbjioiunt.
685 1149 742 1208 Alii
760 1147 892 1209 absolute
906 1158 1038 1209 asserunt
1050 1193 1058 1220 ‚
1071 1150 1166 1213 libro·

162 1247 229 1291 rum
251 1230 481 1307 prohibitionem
500 1233 553 1309 per
577 1249 608 1290 se
625 1250 773 1304 nocuam,
796 1243 825 1292 et
852 1231 988 1307 injustam
1014 1251 1087 1292 esse.
1105 1236 1165 1294 Alii

162 1316 326 1373 concedunt
340 1316 477 1392 quidem,
497 1316 533 1375 ad
547 1316 700 1374 Ecclesium
713 1317 861 1393 pertinere
872 1335 1020 1375 censuram
1034 1319 1111 1377 serre
1125 1320 1166 1378 rle

162 1395 264 1468 libris,
276 1398 313 1456 ad
329 1400 475 1475 principes
488 1398 559 1459 verb
572 1400 726 1458 lectionem
736 1417 839 1457 eorum
854 1397 1024 1475 prohibere,
1037 1399 1167 1477 illosque

164 1482 347 1543 comburere.
360 1485 418 1543 Alii
432 1482 552 1558 denuinr
573 1494 733 1561 utrumque
742 1485 875 1543 Ecclesiae
885 1484 1068 1553 concedunt,
1085 1487 1170 1562 qubd
1216 1484 1219 1490 ’

164 1568 256 1645 possit
268 1566 411 1627 nimirbrn
431 1569 521 1627 libros
531 1568 692 1637 damnare,
711 1579 851 1628 eteorum
866 1568 1020 1627 lectionem
1043 1570 1171 1630 interdi-

164 1668 230 1709 cere
243 1694 251 1721 ‚
265 1650 315 1708 sed
329 1660 482 1710 antumant
494 1650 708 1728 prohibitiones
723 1695 731 1722 ,
752 1671 818 1727 quae
833 1650 911 1710 hisce
933 1653 1116 1728 temporibus
1130 1656 1169 1713 ab

164 1735 288 1795 Ecclesia
300 1734 462 1809 prodeunt,
481 1733 603 1794 omninb
613 1753 674 1793 esse
692 1736 883 1813 irregulares,
897 1743 926 1793 et
941 1735 957 1793 a
970 1743 1051 1794 recto
1063 1736 1169 1797 ordine

164 1820 352 1889 oberrantes,
375 1836 407 1876 oe
432 1818 558 1895 proinde
581 1836 641 1878 nou
661 1835 745 1896 posse
766 1819 956 1879 conscientias
973 1820 1167 1897 obstringere.

103 1962 108 1974 ‚
165 1903 283 1979 Singula
297 1902 496 1961 discutiemus.

75 2059 78 2065 Ι
205 1988 244 2044 ll.
258 1984 537 2068 objiciuntigitnrl.
548 1983 692 2059 lnjustonr
704 1985 1169 2063 esselibrorumprohihitionem,

165 2070 259 2130 exillo
273 2069 402 2145 Apostoli
416 2089 424 2126 ε
442 2067 732 2147 Omrelo..,rprobute,
746 2067 824 2150 quod
835 2068 941 2130 bonum
952 2078 1011 2141 est,
1025 2078 1125 2130 terreto.
1139 2075 1153 2130 l
1161 2097 1170 2132 .·

170 2153 268 2213 Thess.
284 2154 312 2210 5.
326 2154 374 2210 hl.
390 2154 474 2210 Errat
494 2154 585 2229 igitur
607 2154 729 2211 Ecclesia
752 2156 881 2213 Romano
896 2198 905 2224 ‚
920 2152 1030 2212 terncre
1043 2155 1169 2220 dieunt,

166 2236 310 2294 librorum
325 2235 480 2294 lectionem
493 2234 697 2313 prohibendo,
712 2234 779 2295 crim
791 2237 950 2313 unicuique
969 2254 1005 2293 cx
1023 2248 1172 2313 precepto

165 2317 296 2396 Apostoli
331 2316 432 2375 datum
463 2318 502 2377 sit
532 2318 624 2378 libros
649 2319 775 2378 lectione
805 2319 950 2396 probare,
972 2317 1049 2378 hona
1074 2319 1107 2378 iu
1129 2321 1172 2378 eis

101 2399 104 2405 ’
166 2404 285 2462 iuventa
303 2402 479 2471 retinendo,
499 2404 575 2461 mola
592 2413 690 2479 autern
704 2402 899 2481 reprobando.

205 2488 257 2546 lll.
270 2485 302 2545 ld
319 2486 496 2546 confirmant
513 2489 686 2547 auctoritate
708 2491 739 2547 S.
757 2485 951 2565 Hieronymi,
969 2486 1021 2564 qui
1042 2485 1110 2546 crim
1123 2505 1172 2546 ar·

165 2578 306 2647 gueretur
328 2569 364 2628 uh
387 2570 468 2642 aliis,
488 2570 568 2648 qubd
598 2569 805 2630 haeretieorum
824 2588 912 2648 opera
931 2572 1101 2641 evolveret,
1129 2572 1172 2629 sie

167 2653 319 2731 respoudit
337 2673 345 2711 r
363 2652 482 2732 Siquis
501 2659 732 2723 inmurmurat,
755 2671 847 2731 quere
862 2672 962 2713 eorum
985 2651 1173 2732 erplunatio·

143 2746 150 2776 ·'
167 2754 218 2796 nee
236 2735 348 2815 leparn,
371 2755 497 2814 quorum
522 2736 705 2816 depenotibus
726 2754 787 2796 non
812 2738 980 2816 acquiesco,
1005 2736 1100 2805 sciat,
1126 2755 1173 2796 erre

166 2816 242 2878 illurl
257 2817 390 2897 Apostoli
401 2818 521 2880 libenter
534 2821 658 2880 audire:
674 2822 780 2885 Omnia
798 2822 940 2898 probate,
965 2820 1045 2896 qood
1058 2820 1173 2879 honum

167 2911 211 2961 est
225 2911 369 2961 tenete...
384 2906 445 2963 Cur
461 2922 505 2962 me
520 2901 652 2963 lecerunt
666 2905 755 2966 amici
778 2905 836 2964 rnee'
844 2949 852 2977 ,
876 2913 906 2963 et
926 2902 1064 2964 aduersus
1082 2901 1177 2962 silen-

169 2992 225 3043 tem
243 3001 348 3044 crasse
361 3003 428 3045 sues
437 2990 636 3066 perterritant?
648 2993 749 3047 Mercu
764 2988 950 3068 propositum
970 2993 1013 3046 est
1034 2985 1175 3065 antiquos

168 3065 276 3145 leque,
296 3067 419 3146 prebere
437 3069 578 3149 sinpulu,
597 3071 721 3130 retinere
743 3091 810 3152 quse
828 3070 903 3132 bono
925 3078 1014 3140 sunt,
1030 3076 1061 3127 et
1077 3071 1097 3126 cl
1114 3068 1176 3146 sicle

167 3147 315 3210 catholice
337 3147 472 3214 Eccleslte
501 3172 562 3236 reon
589 3153 723 3214 recedere.
748 3158 813 3235 Ep,
834 3155 874 3215 ed
896 3157 1007 3215 Miner.
1036 3160 1065 3211 et
1087 3150 1176 3211 Alex-

169 3232 240 3302 oml.
263 3235 444 3295 Confirmant
472 3238 579 3298 deinde
606 3239 767 3315 exemplis,
787 3248 816 3297 et
835 3239 920 3298 dietis
943 3234 1120 3316 Theophili,
1146 3244 1177 3296 et

139 3371 144 3378 .
169 3317 311 3396 Dionysii
324 3319 505 3381 Alexandrioe
526 3325 759 3401 Episcoporurn:
785 3318 962 3402 Theophilus
982 3323 1081 3396 enim,
1107 3317 1178 3379 crim

31 3386 35 3391 ⁴
87 3440 89 3443 -
169 3401 454 3480 reprehenderetur,
472 3403 552 3479 qubtl
571 3410 678 3482 scripta
703 3404 841 3484 Oriqenis
860 3407 991 3484 legeret,
1012 3403 1176 3479 reposuit:
1230 3472 1234 3479 ‚

169 3485 205 3544 Si
220 3485 292 3564 quid
308 3485 377 3546 berti
392 3485 426 3545 io
445 3484 506 3547 iltis
524 3488 654 3570 reperio,
668 3486 745 3548 illud
755 3491 884 3567 excipio,
899 3490 1008 3549 einero
1019 3485 1179 3564 spinosum

169 3568 245 3644 perid.
258 3568 357 3629 cisum
368 3568 482 3647 (eterit,
501 3570 554 3631 hoc
573 3580 725 3650 tanrqrunn
750 3570 920 3633 aculeatum
934 3578 1084 3650 pretereo:
1102 3571 1180 3628 lteru
1285 3648 1288 3653 1
1309 3598 1310 3649 4
