2642 4150
452 153 530 212 Pom
542 148 677 212 secundo.
692 152 788 231 Caput
805 154 837 213 11
840 196 847 211 .
1108 162 1145 220 tu

138 282 151 310 ιι
175 271 300 324 acuere,
314 261 348 313 ct
367 251 511 322 excitare,
525 259 558 309 ul
578 269 632 328 pro
653 268 685 310 se
702 252 827 328 quisque
848 253 982 314 restrum
1004 267 1146 334 opportu-

136 365 150 391 ιι
175 339 330 408 oloribus,
353 351 552 413 quascumque
564 334 720 411 prudentia
739 337 914 413 suggesserit
928 381 937 409 ,
951 338 1033 397 initis
1054 343 1144 402 ratio·

136 448 149 474 ιι
172 422 283 492 nibus,
300 429 332 481 et
353 418 564 479 efficacioribus
586 417 753 494 quibusque
774 418 851 494 juris
873 420 1029 491 remediis,
1048 426 1144 500 quoad

136 532 154 558 ι»
174 523 248 582 opus
260 505 478 576 luerit,contra
489 500 693 579 delinquentes
701 502 851 563 ministros
861 503 1145 575 adhibitis‚uoxiam

136 617 150 643 ιι
174 588 347 664 hujusmodi
365 586 528 646 novitatem
546 584 665 645 strenuh
676 587 878 664 insectemini,
893 607 925 648 ac
940 587 1017 666 pene
1029 609 1146 651 uescen-

135 700 147 726 ιι
175 683 235 733 tcm
249 672 446 751 opprimatis,
460 686 556 746 neque
568 667 719 746 patiamini
733 668 848 729 traditis
866 690 944 732 curce
962 681 1066 734 vestro
1080 677 1145 736 ovi·

130 772 155 809 a·
173 752 285 816 bns'ibi
305 754 520 816 offendiculum
538 755 653 830 parari,
668 752 719 812 ubi
735 755 811 813 salus
823 754 839 813 h
850 756 965 818 Christo
976 760 1070 837 posita
1086 768 1142 833 cst,

134 866 157 891 ιι-
171 840 210 898 ab
230 857 325 917 eoque
335 839 446 898 divinoe
465 837 672 896 misericordiae
694 837 775 896 sonte
799 839 862 897 illas
875 842 985 912 averti,
999 861 1031 901 ac
1045 843 1143 903 deter-

133 949 146 974 ι
171 923 258 995 reri,
281 922 318 981 ad
340 938 430 997 quem
450 920 486 978 ab
506 920 609 979 eodem
626 919 822 998 Redemptorc
844 932 942 984 nostro
964 924 1001 985 ad
1019 926 1145 987 abluen-

49 1016 55 1025 ·
131 1031 146 1060 ιι
173 1006 244 1076 das,
267 1005 502 1079 dealbandasque
526 1004 725 1079 insanguine
745 1022 798 1063 suo
816 1007 927 1064 animas
946 1008 1142 1070 amantissime

134 1114 149 1141 ιι
172 1089 347 1148 invitantur.
364 1089 498 1156 Interea,
513 1086 584 1145 dum
601 1089 617 1145 a
638 1087 700 1144 zelo
713 1096 829 1159 vestro,
843 1107 875 1148 ac
891 1090 1046 1166 prudentia
1057 1092 1141 1152 lucu-

135 1196 150 1222 ιι
173 1170 300 1230 lentiora
322 1171 409 1231 nobis
434 1170 514 1230 certb
539 1171 714 1247 pollicemur
730 1182 834 1230 vestrae
858 1172 973 1248 pietatis
994 1183 1023 1234 et
1043 1175 1142 1235 obser·

134 1278 149 1306 ιι
171 1257 278 1314 vencien
291 1258 480 1332 argumenta,
499 1255 686 1331 apostolicam
705 1254 939 1315 benedictionem
967 1276 1033 1318 cum
1054 1260 1142 1319 uber·

138 1363 151 1390 ι
175 1339 251 1396 rima
264 1339 426 1399 caelestium
444 1337 654 1396 charismatum
670 1339 752 1413 copia
773 1338 957 1415 conjunctam
970 1342 1053 1401 vobis
1067 1388 1075 1410 ,
1089 1345 1142 1402 Vc·

136 1447 153 1474 ιι
176 1422 323 1480 nerabiles
335 1424 463 1495 Fratres,
479 1438 514 1480 ex
527 1422 625 1481 auimo
640 1422 841 1497 impertimur.
855 1423 999 1482 Volumus
1017 1433 1140 1496 autem,

137 1529 152 1557 ιι
177 1513 213 1562 ut
229 1504 414 1581 praesentium
431 1505 640 1582 transumptis,
657 1505 719 1562 sive
741 1505 902 1580 exemplis,
918 1507 1005 1563 etiam
1018 1508 1141 1584 impres·

136 1613 152 1642 ιι
176 1590 239 1659 sis,
262 1606 351 1646 mann
371 1588 494 1662 alicujus
513 1589 620 1647 notarii
644 1587 755 1664 publici
782 1589 970 1665 subscriptis,
996 1599 1025 1649 ct
1046 1592 1142 1669 sigillo

131 1699 147 1727 ιι
172 1691 308 1751 personae
321 1673 351 1731 in
364 1674 506 1750 dignitate
516 1673 1024 1749 ecclesiasticacoustitutacmunitis,
1039 1677 1141 1737 cadem

132 1781 147 1809 ιι
171 1755 294 1834 prorsirs
314 1757 425 1832 ubique
446 1755 517 1814 fides
531 1755 722 1827 adhibeatur,
736 1775 803 1833 qnae
817 1757 1007 1834 praesentibus
1018 1759 1140 1820 adhibe·

131 1866 145 1894 ιι
173 1849 280 1910 retur,
299 1848 330 1899 el
348 1839 481 1898 adhiberi
502 1850 614 1917 posset,
632 1840 655 1898 si
668 1841 764 1900 forent
778 1839 913 1899 exhibitae
925 1884 933 1912 ,
945 1845 993 1902 vel
1004 1855 1137 1903 ostensae.

131 1949 146 1976 ιι
170 1925 281 1982 Datum
292 1926 393 1984 Romae
408 1924 486 2000 apud
503 1933 629 1982 sunctum
644 1925 766 1982 Mariam
791 1922 930 1997 Majorem
953 1927 1008 1985 snb
1029 1929 1138 1987 annulo
1231 1976 1233 1979 ,

131 2034 145 2061 ι
170 2009 328 2067 Piscatoris
344 2008 393 2067 die
403 2027 456 2068 vn.
469 2008 577 2066 mensis
586 2009 657 2066 lulli
669 2009 857 2069 MDCCXLV.
871 2007 1057 2083 pontificatus
1076 2028 1139 2071 nos-

130 2118 144 2146 ι
169 2091 212 2153 tri
227 2111 306 2151 nuno
318 2094 435 2168 quinto.
449 2091 610 2172 Cojetanus
620 2097 755 2151 Antctus.
774 2118 786 2144 ιι

169 2173 334 2252 llas'porrd
351 2193 405 2235 nos
424 2177 589 2235 Litterasin
609 2177 702 2236 lorma
719 2176 818 2235 Brevis
838 2186 909 2236 tunc
930 2176 1011 2235 datas
1029 2176 1138 2238 itcrinn

129 2259 325 2337 praesentibus
337 2259 445 2318 nostris
468 2258 694 2329 confirmamus,
716 2267 745 2317 et
766 2261 961 2332 roboramus,
983 2279 1088 2338 easque
1101 2262 1138 2321 ab

130 2342 292 2413 omuibus,
311 2351 341 2402 et
361 2343 485 2419 singulis
502 2342 650 2414 suleliter,
671 2342 828 2421 exaothnc
847 2346 997 2406 observari
1010 2346 1139 2424 injungi·

129 2426 547 2504 mus,atquepraecipiums;
1065 2499 1066 2502 Ἴ

186 2511 389 2569 «statuentes
412 2510 560 2586 insuper,
587 2528 619 2567 ac
645 2509 859 2580 decernentes,
889 2520 925 2570 ut
958 2513 1138 2590 quicumque

127 2617 142 2645 ιι
167 2592 301 2668 cujusvis
315 2592 429 2662 statiis,
451 2591 577 2669 gradus,
599 2594 800 2661 conditionis,
821 2594 992 2669 dignitatis,
1009 2605 1039 2653 et
1057 2597 1138 2654 ordi·

127 2701 141 2729 ιι
167 2678 240 2746 nis,
268 2678 360 2735 etiam
378 2679 495 2753 speciali
521 2676 746 2746 etindividual,
769 2676 805 2734 ad
830 2676 968 2734 ellectum
1001 2686 1034 2735 ut
1058 2676 1138 2742 hisce

127 2785 141 2812 ι
168 2761 279 2819 nostris
289 2762 482 2837 praesentibus
494 2759 804 2837 comprehendantur,
824 2761 975 2820 mentione
988 2769 1139 2838 etexprcs·

126 2867 140 2896 ι
168 2843 254 2903 sione
271 2844 375 2921 digni,
395 2845 533 2903 ansusiu
548 2842 700 2921 posterum
721 2844 810 2903 luerit
830 2844 936 2904 docere
954 2845 1063 2905 licitam
1075 2864 1138 2908 esse

126 2950 141 2980 ιι
168 2925 342 3001 hujusmodi
360 2928 491 3004 praxim,
510 2936 605 3003 prout
624 2946 656 2986 ea
674 2928 705 2986 in
719 2930 814 2989 relato
833 2938 933 2988 nostro
948 2931 1032 2989 Brevi
1047 2949 1138 3010 expo·

125 3033 139 3062 ι
167 3010 255 3068 nitur
271 3012 305 3068 ac
324 3012 521 3088 reprobatur,
539 3011 585 3068 rel
608 3011 755 3082 scribere,
774 3023 826 3072 aut
847 3013 928 3088 loqui
943 3032 1137 3094 praesumpse-

126 3118 140 3146 ιι
166 3091 212 3151 rit
232 3092 264 3150 in
282 3091 414 3167 ejusdem
435 3094 579 3152 damnatae
594 3094 691 3172 praxis
707 3096 927 3171 defensionem5
940 3098 986 3157 vel
1002 3117 1035 3158 ea
1047 3143 1055 3170 ,
1069 3119 1136 3176 quac

124 3199 139 3229 ιι
167 3175 203 3234 in
217 3173 296 3232 dicto
314 3175 402 3233 Brevi
414 3184 517 3235 contra
535 3178 668 3238 camdem
692 3179 807 3255 praxim
832 3180 948 3240 decreta
968 3191 1060 3252 sunt,
1078 3185 1136 3242 irn-

124 3283 139 3310 ι
167 3275 318 3334 pugnare,
343 3267 395 3318 aut
416 3260 447 3317 in
471 3260 582 3322 alienos
608 3279 709 3320 sensns
724 3263 842 3332 ,temere
864 3265 1062 3342 detorquere,
1084 3283 1135 3326 scu

125 3365 139 3392 ι
167 3342 378 3416 interpretari,
396 3341 505 3400 incidat
518 3344 581 3420 ipso
598 3345 673 3405 factu
696 3344 728 3404 in
750 3349 1081 3416 excommunicationem
1096 3344 1135 3416 ,d

125 3450 139 3475 ι
168 3441 228 3498 qna
242 3439 301 3482 non
319 3426 431 3499 possit,
446 3436 642 3504 praeterquam
657 3430 689 3487 in
706 3432 830 3490 articulo
855 3432 977 3496 mortis,
995 3428 1032 3482 ab
1052 3427 1135 3493 alio,

126 3531 140 3557 ι
168 3521 354 3583 quacumque
371 3507 459 3568 etiam
479 3509 621 3588 dignitate
647 3512 799 3590 fulgente,
818 3515 864 3572 vel
886 3507 1061 3572 auctoritato
1075 3507 1137 3592 sul·
