2642 4150
327 198 373 255 De
385 191 579 275 prohibitione
591 190 745 255 libremus.
762 194 927 274 CaputIV.
1070 194 1127 254 em

128 295 291 376 Dionysius
306 296 416 372 pariter
427 294 620 368 reprehensus
638 294 675 352 de
688 294 813 353 lectione
825 290 1027 351 haeretieorum
1041 337 1048 361 ,
1063 312 1128 352 rem

128 399 194 442 eum
204 380 302 439 Deoin
311 378 759 446 orationeconserens,eoelestem
767 394 868 434 torem
879 375 1023 434 audivitui
1033 377 1128 435 dieen-

129 474 188 524 tem
201 484 210 521 ι
228 464 301 540 Leqe
313 459 432 531 omnia,
447 476 513 537 qaeee
526 461 674 520 bertranus
686 469 752 520 treas
766 459 907 533 ueainnt;
921 456 1030 520 valebis
1050 460 1129 519 enim

129 547 231 607 omnia
242 542 417 624 expendere,
438 551 468 602 et
486 542 619 621 probare.
634 545 707 601 hine
728 540 891 620 Dionysius
911 541 997 618 legit,
1015 552 1045 602 et
1063 542 1128 601 aliis

129 628 217 707 (forth
230 629 327 706 ipsum
343 624 636 708 reprehendentibus)
654 625 768 702 scripsit
790 640 798 683 ‘z
821 624 975 703 Aeseptom'
988 625 1129 686 visionem

128 712 227 781 bano,
251 719 405 788 tamquam
428 705 593 787 apostolicae
613 707 676 769 uoci
700 704 887 785 emifoeenem.
909 707 998 788 Apud
1018 707 1125 771 Euseb.

128 792 241 856 liunt.
254 794 284 853 7.
297 812 322 851 e.
335 794 365 851 7.
453 802 454 806 ’
908 795 910 800 ’

157 879 219 950 Ν.
233 877 372 945 Addunt,
385 872 465 950 quiid
481 874 569 932 etiam
581 872 757 933 Horuiisdas
775 876 849 951 Papa
869 876 1022 935 lectionem
1035 875 1127 938 libro·

129 979 198 1025 rum
212 976 371 1036 pravorum
386 975 446 1015 non
462 957 645 1034 reprobavit,
665 956 725 1016 imb
744 959 892 1025 laudavit,
910 959 945 1018 eb
958 958 1037 1036 qubd
1058 959 1127 1019 aliis

129 1062 192 1106 non
219 1042 294 1101 boob
315 1046 432 1117 possent
455 1057 569 1108 errores
588 1040 750 1109 confutari,
772 1060 824 1099 nee
846 1043 958 1113 vitari,
982 1044 1023 1101 sie
1047 1045 1129 1102 enim

129 1127 207 1188 dixit
221 1145 229 1181 z
243 1125 303 1183 Nee
313 1122 601 1202 tamen-irreprobatnr
612 1120 765 1200 diiiqentia
776 1142 829 1201 per
840 1123 935 1183 merita
944 1117 1126 1195 dinumeras,

128 1208 180 1270 sed
196 1208 349 1266 animusd
369 1205 491 1263 ueritate
509 1204 669 1264 declinans.
684 1206 767 1284 Scapt
782 1205 816 1265 de
835 1205 881 1265 his
892 1211 1053 1268 necessaria
1061 1226 1129 1289 pra·

129 1289 306 1364 uidetur,.de
315 1308 371 1370 qno
384 1287 444 1368 ipsi
454 1286 791 1356 nuntiandumque,
807 1289 970 1350 instructio.
983 1294 1043 1351 Nee
1055 1292 1127 1351 uitio

130 1375 199 1437 dari
216 1380 308 1453 potest
319 1389 421 1439 nosse,
439 1370 517 1451 quod
529 1369 652 1450 snqios:
674 1380 761 1449 atque
777 1369 841 1430 ideo
858 1390 918 1431 etan
939 1371 1060 1452 queutes
1079 1375 1128 1434 ia·

130 1475 260 1538 eonqrua
273 1455 307 1513 in
320 1453 437 1534 seilpam
457 1454 601 1523 ueniunt,
622 1453 673 1514 sed
688 1462 847 1532 sequentes.
866 1454 952 1526 Quod
971 1458 998 1514 si
1011 1455 1055 1513 ita
1067 1455 1128 1516 naa

131 1548 222 1608 esset,
239 1540 401 1615 nunequdm
418 1538 527 1596 Ductor
551 1534 601 1596 itte
621 1536 758 1598 Gentium
781 1537 968 1615 aequievisset
988 1538 1128 1598 untdiare

127 1621 295 1700 fidelibus:
322 1619 430 1680 Omnia
445 1618 583 1697 probate,
609 1620 688 1700 qnod
715 1620 822 1681 bonnm
846 1627 887 1680 est
912 1621 1126 1700 tenete..Epist.

128 1710 179 1768 70.
204 1703 425 1765 adPussessar.
449 1704 526 1775 Quin
554 1712 583 1762 et
604 1705 666 1780 ipse
689 1703 824 1765 Gelasius
846 1706 877 1762 in
900 1703 1016 1763 decreto
1039 1703 1126 1782 suprh

14 1787 15 1810 ¹
125 1789 247 1851 laudato
260 1830 268 1858 ,
283 1786 387 1845 eudem
408 1795 540 1861 tempore
552 1804 611 1862 quo
623 1787 759 1847 damnata
779 1806 865 1864 opera
885 1788 1072 1862 recensebat,
1086 1788 1126 1846 sie

126 1874 240 1935 ibidem
257 1870 430 1930 annotavit:
449 1868 584 1935 Sedenim
600 1869 660 1930 heeu
675 1869 714 1929 ad
730 1868 937 1930 catholicorum
952 1887 1059 1929 atauus
1079 1870 1127 1930 ad·

14 1939 15 1958 ἒ
125 1954 277 2023 uenerint,
294 1956 332 2011 B.
347 1950 440 2012 Pauli
457 1948 590 2030 Apostoli
602 1941 746 2032 praecedat
758 1953 922 2013 sortientia:
944 1953 1052 2012 Omma
1064 1970 1128 2031 pm·

14 2051 15 2054 ’
125 2040 211 2116 bute,
235 2035 313 2118 qnod
328 2034 434 2097 hunum
457 2042 499 2108 est
516 2043 613 2096 tenete.
637 2039 711 2098 hine
735 2036 863 2114 Fiernjq,
890 2037 1004 2097 et'Vaa
1029 2038 1128 2115 Espen

28 2177 33 2185 .
126 2125 261 2185 inserunt
280 2123 457 2193 Pontifices,
480 2136 514 2179 aa
536 2122 695 2199 ipsummet
720 2120 871 2184 Gelasium
891 2121 983 2181 libros
1013 2131 1127 2180 notatos

14 2204 15 2215 ’
125 2209 301 2275 damnasse,
325 2222 384 2265 nou
409 2214 443 2264 ut
469 2221 571 2263 eorum
597 2202 683 2265 lectio
706 2205 936 2283 prohiberetur,
957 2206 1006 2265 sed
1027 2215 1060 2264 ut
1083 2206 1126 2278 itti

93 2300 100 2309 “
124 2309 196 2352 eum
212 2289 422 2367 presentiam,
442 2295 472 2346 et
491 2289 600 2347 cautela
620 2291 807 2366 tegerentur3
822 2288 894 2349 dum
911 2288 980 2348 aliis
998 2290 1128 2367 rigoroso

14 2394 15 2443 ἢ
124 2371 289 2450 prohibitio
300 2373 346 2447 (ut
363 2369 457 2446 ajunt)
479 2371 596 2429 nonnisi
618 2374 780 2447 peruiciosa
792 2390 853 2429 esse
866 2381 982 2449 potest,
1002 2372 1037 2432 ab
1048 2373 1127 2448 qubd

14 2448 17 2533 ζ
122 2458 281 2517 libertinus
311 2456 372 2532 ipsa
397 2453 558 2531 prohibitio
580 2455 672 2530 magis
693 2455 729 2512 ad
748 2457 902 2514 laetienem
928 2457 1129 2531 impeliit30t
1222 2488 1233 2497 =

122 2539 230 2601 eontrh
246 2542 341 2599 aufert
360 2539 485 2599 cordatis
504 2538 600 2611 viris,
620 2547 654 2597 ut
668 2537 778 2615 possint
799 2556 913 2597 errores
931 2542 982 2614 qui
1008 2548 1129 2616 serpunt
1219 2548 1231 2563 ·

122 2634 289 2696 annotare,
305 2632 334 2683 et
349 2623 509 2681 confutare.

165 2709 204 2766 V.
220 2706 433 2783 Respondetur.
447 2708 483 2764 Et
502 2703 618 2782 primi,
634 2704 730 2783 quoad
746 2711 859 2762 textum
872 2703 956 2763 illum
976 2705 1127 2782 Apostoli,

125 2785 240 2852 monii
256 2798 357 2849 autem
374 2788 512 2865 probate,
536 2797 592 2848 ete.
605 2788 804 2848 communiter
818 2786 928 2846 dietum
944 2789 1015 2847 iilud
1037 2792 1131 2869 expli·

122 2883 213 2934 eatur
226 2871 244 2931 b
259 2870 538 2933 commentatoribus
550 2916 558 2941 ,
569 2873 674 2947 Esne,
691 2866 823 2930 Cornelio
834 2872 853 2928 a
865 2869 995 2950 Lepide,
1009 2875 1105 2954 qune
1118 2920 1127 2949 ‚

120 2951 234 3016 Natat.
246 2952 396 3013 Alexand.
415 2952 517 3014 Tirino
529 2999 537 3026 ,
548 2965 577 3014 et
585 2955 670 3031 aliis3
683 2952 825 3014 nimirum
839 2955 917 3031 qubd
931 2958 1047 3030 omnia,
1064 2979 1129 3037 qaeu

120 3038 218 3099 dubia
232 3050 261 3098 et
280 3040 389 3097 ineerta
402 3049 491 3108 sunt,
504 3040 637 3101 examine
650 3050 680 3101 et
690 3041 862 3118 probatione
877 3039 1025 3119 indigent,
1041 3053 1129 3121 prout

121 3130 215 3181 erant
230 3121 362 3205 quadam
378 3121 560 3198 prophetiae,
578 3123 616 3184 de
631 3124 738 3201 quibus
755 3141 919 3183 sermonem
933 3128 1039 3185 iecerat
1051 3130 1130 3204 Apo-

120 3205 220 3266 stolus
233 3206 370 3264 inversu
396 3206 594 3281 praecedenti,
618 3209 669 3267 ubi
694 3209 806 3268 dixerat
823 3209 1021 3287 :Prophetias
1041 3208 1130 3269 ieoiite

120 3304 278 3367 speraerm
288 3287 340 3346 has
352 3287 447 3348 voluit
458 3292 496 3348 B.
508 3287 624 3350 Pardus
640 3290 786 3367 judicari,
809 3310 848 3351 an
862 3309 940 3350 verae
956 3293 1064 3351 suerint
1079 3298 1130 3348 aut

118 3369 413 3448 satsae31ampridem
424 3373 503 3431 enirn
517 3373 555 3431 ab
569 3375 631 3449 ipsu
644 3377 771 3434 Domino
788 3375 918 3451 (Denter.
932 3377 980 3433 t5.
993 3372 1035 3446 52)
1047 3388 1129 3427 inan·

50 3504 54 3509 .
120 3452 230 3513 dutum
246 3454 319 3524 suit,
333 3472 371 3513 ne
388 3455 650 3532 Pseudoprophetas
666 3458 682 3517 h
702 3454 837 3517 fidelibus
856 3457 1050 3523 audirentur3
1066 3455 1130 3509 Ter·

121 3530 273 3678 tuffam
289 3546 387 3597 autem
401 3540 505 3600 misere
519 3541 549 3598 iu
561 3539 695 3601 iraeresini
718 3540 860 3618 impegit,
882 3540 950 3612 quia
971 3532 1129 3606 Matetam’,

194 3637 252 3681 atet.
270 3622 314 3680 Χ.
934 3619 975 3677 20
