2642 4150
283 245 293 258 ,
438 166 671 253 Depriuiiepiis.
690 172 790 252 Caput
803 174 861 234 IV.
1095 175 1152 240 175

142 281 267 359 piantur
280 273 403 351 insuper
418 269 477 331 ilice
486 281 638 349 ,auorum
650 274 857 351 praesectusest
869 273 1033 353 Religiasus
1042 293 1079 336 ex
1089 276 1152 353 pri·

142 362 250 439 ritcgio
272 360 361 437 Greq.
382 356 479 424 XIII,
505 356 552 415 cui
576 357 656 417 nulla
683 360 829 419 contraria
857 359 1038 420 consuetudo
1056 367 1152 438 potest

142 448 271 510 obstare.
284 440 379 504 Satur.
393 448 431 500 tr.
442 442 492 500 18.
503 458 528 501 c.
544 442 573 500 5.
587 460 617 521 p.
631 444 661 502 I.
675 442 701 522 S.
713 445 743 505 t.
757 462 791 503 u.
807 445 840 503 51
858 442 899 505 cd
909 446 958 504 56.

180 532 231 591 80,
264 560 304 573 -
334 526 486 599 Quaritur
518 526 548 584 5.
582 525 688 587 Utrirm
717 528 851 605 EpIscopi
883 529 996 605 possint
1032 526 1152 608 visitare

143 617 269 676 claustra
289 609 466 671 monialium
486 614 709 686 exemptarum?
723 613 837 690 Negant
854 609 949 673 Saim.
967 609 989 672 I.
1006 631 1031 673 c.
1048 630 1081 671 u.
1101 612 1150 670 58.

105 713 118 735 ‘
145 718 212 762 cum
230 698 311 757 Nau.
325 691 436 756 SuucIa.
452 694 564 753 Bouac.
579 691 686 755 PeIIiz.
701 702 753 755 ete.
774 715 810 756 ear
826 716 891 777 cap.
908 693 1096 767 Periculosa,
1116 694 1152 756 do

144 792 225 847 statu
239 784 360 843 Martae.
376 777 409 837 iu
424 780 454 837 d.
472 778 522 838 abi
535 797 604 837 cura
619 777 744 839 claustri
760 782 934 841 monialium
947 788 1151 858 exemptarum

145 863 299 930 manifeste
319 863 491 924 conceditur
513 863 715 940 superioribus
726 865 921 943 regularibus.
936 868 1039 942 Neque
1054 863 1150 924 obstat

145 952 192 1030 (ut
207 948 304 1025 ajunt)
316 948 400 1006 Trid.
421 964 491 1008 sess.
508 950 556 1008 95.
570 966 595 1007 e.
619 949 669 1020 5.,
692 966 727 1008 ex
749 968 807 1026 quo
830 949 1013 1010 contendant
1033 945 1149 1026 patroni

144 1035 278 1094 adversae
286 1031 453 1102 sententiae,
465 1033 621 1110 Episcopus
634 1050 696 1106 esse
708 1033 854 1110 delegatos
868 1033 1040 1112 apostolicos
1053 1027 1150 1109 quoad

147 1120 309 1177 ciuustrum
328 1116 501 1175 monialium
524 1126 747 1194 exemptarum,
768 1116 836 1176 crim
858 1117 900 1176 ibi
926 1123 1092 1184 statuatur,
1117 1119 1150 1172 ut

75 1242 85 1250 ,
148 1201 205 1279 ipsi
221 1208 341 1269 curent,
356 1209 390 1259 ut
409 1201 581 1260 restituatur
600 1211 651 1260 aut
670 1211 858 1261 conservetur
877 1203 1038 1261 claustrum
1054 1193 1150 1258 omui·

146 1286 202 1348 Irus
219 1284 404 1345 urouasteriis
425 1283 484 1345 sibi
501 1284 637 1365 subjectis
654 1284 832 1366 ardicuria,
852 1286 885 1346 iu
901 1281 970 1345 otiis
989 1285 1055 1344 uerd
1068 1278 1150 1341 Sedis

143 1366 311 1451 apostolica
321 1366 509 1429 authoritate.
520 1369 637 1432 Etenim
650 1368 848 1447 respondent,
859 1366 938 1445 qudd
951 1368 1008 1426 sub
1017 1366 1051 1427 ia
1061 1362 1148 1438 alita,

146 1465 207 1513 etc.
221 1470 284 1512 nou
301 1453 502 1530 intelligantur
521 1455 699 1514 monasteria
718 1453 912 1532 Regularibus
933 1450 1081 1525 subjecta,
1099 1452 1151 1514 scd

145 1535 282 1611 subjecta
291 1535 454 1596 immediati
464 1538 616 1613 Pontifici,
629 1538 708 1615 qaod
723 1544 858 1596 asserunt
870 1535 1049 1596 deciaratum
1062 1536 1151 1599 tuisse

146 1639 206 1700 pcr
224 1617 319 1679 Piuur
336 1621 368 1681 V.
390 1624 441 1682 sut
465 1622 545 1681 hotta
568 1620 653 1683 Circa
677 1620 860 1701 pastoruIIs3
882 1619 918 1682 eb
943 1619 1056 1697 magis,
1081 1622 1150 1699 quia

144 1704 304 1767 concilium
323 1706 355 1764 in
378 1705 443 1767 Ioco
465 1706 605 1784 predicto
631 1717 777 1779 renouat,
804 1724 863 1766 naa
886 1714 1004 1766 revocat
1027 1705 1149 1767 citatum

142 1799 261 1850 textum
281 1788 459 1852 Periculosa.
482 1793 533 1850 His
548 1810 608 1852 non
629 1793 813 1854 obstantibus
835 1792 982 1853 contraria
1005 1794 1149 1853 sententia

146 1874 349 1951 amplectenda
364 1884 408 1935 cst
425 1894 492 1935 cum
503 1876 659 1952 Barbara,
673 1879 828 1949 Guuarrto,
847 1883 983 1947 Leucoe,
997 1884 1068 1953 ete.,·
1081 1877 1150 1954 quia

145 1958 217 2020 licit
230 1978 289 2019 non
303 1960 433 2020 obstaret
443 1960 671 2033 Tridentium,
692 1961 887 2023 nihilominus
902 1961 998 2021 obstat
1013 1962 1150 2036 equidem

142 2043 227 2106 bulla
248 2042 384 2124 Greporii
400 2047 472 2107 XV.
486 2044 693 2109 Iuserutabiiis
708 2048 779 2108 anni
797 2048 872 2108 tutu
885 2090 893 2117 ,
907 2046 939 2104 in
960 2061 1017 2122 qua
1037 2043 1150 2104 dictum

142 2132 223 2192 suit:
243 2133 273 2189 1.
292 2133 331 2191 Ut
342 2131 501 2209 Regulares
516 2140 663 2206 nequeant
675 2134 822 2193 destinare
834 2134 925 2192 alium
940 2131 976 2189 ud
992 2129 1151 2207 autliendas

143 2214 322 2287 monialium
344 2215 554 2286 consessiones,
570 2227 678 2296 praeter
695 2236 782 2287 earm,
802 2218 853 2296 qui
870 2216 958 2276 tuerit
974 2213 1151 2293 approbatus

143 2300 184 2358 atr
202 2299 358 2359 Ordinario
380 2300 421 2376 (ct
444 2301 475 2359 in
498 2300 553 2360 Imc
576 2298 956 2372 animadvertendnm'cst,
975 2299 1054 2378 quod
1074 2317 1150 2376 prae·

144 2393 236 2443 terea·
247 2386 351 2443 statuit
367 2382 542 2445 Benedictus
557 2388 646 2447 XIV.
668 2389 699 2446 ia
718 2389 797 2447 bulla
816 2383 982 2447 Pastoraiis
997 2385 1045 2443 die
1061 2387 1150 2444 bdu-

143 2470 225 2549 gusti
244 2471 338 2541 1718,
358 2468 536 2528 confirmans
557 2471 687 2542 bullam,
700 2468 861 2550 Apustotiei
873 2466 1030 2528 ua'rristerii
1038 2511 1046 2538 ,
1060 2471 1151 2526 Beue·

142 2553 220 2615 dicti
236 2555 332 2616 XIII.
339 2577 351 2630 ,·
372 2553 451 2630 qudd
471 2556 604 2626 scilieet,
624 2557 649 2614 si
673 2556 816 2634 regularis
836 2554 971 2631 superior
992 2552 1151 2627 negligeret

143 2638 296 2715 assignare
317 2640 419 2699 saltem
443 2641 532 2700 semel
557 2641 589 2700 in
615 2658 694 2699 anno
719 2639 926 2699 confessarium
950 2637 1152 2696 extraordina-

142 2725 246 2793 rium,
265 2731 317 2784 aut
335 2725 524 2799 secularem,
539 2735 591 2786 aut
609 2727 731 2786 alterius
750 2724 881 2795 ordinis,
903 2722 1150 2802 quemadmodum

143 2808 282 2868 Pontifex
298 2810 447 2888 praecipit,
463 2812 554 2887 possit
564 2812 650 2872 iilam
662 2813 810 2888 assignare
822 2808 953 2869 dimccsis
969 2810 1148 2890 Episcopus).

143 2893 178 2951 2.
197 2891 304 2952 Statuit
321 2894 443 2973 (ἕτερον.
460 2896 534 2954 XV.
545 2941 555 2970 ,
578 2905 612 2954 ut
634 2896 885 2956 administratores
906 2897 1150 2959 monasteriorum

143 2975 293 3035 dictarum
309 2978 483 3036 monialium
502 2978 627 3040 debeant
644 2983 791 3040 rationem
808 2980 930 3041 reddere
945 2979 1085 3060 Episcopo
1098 2982 1150 3045 ad·

143 3058 373 3121 ministrationis
398 3062 557 3123 bonorum.
584 3066 612 3123 5.
636 3066 674 3124 Ut
696 3066 854 3143 Episcopus
878 3067 971 3127 vatent
997 3070 1150 3131 removere

143 3141 375 3217 confessarium,
389 3154 440 3204 aut
450 3145 545 3206 alium
554 3148 822 3208 administratorem
835 3152 1019 3225 monasterii,
1032 3155 1057 3214 si
1069 3170 1151 3230 supc-

141 3227 213 3285 rior
230 3227 360 3287 monitus
380 3229 466 3288 ilium
487 3248 546 3290 non
564 3242 709 3292 removet.
721 3232 807 3293 I.‘Ut
819 3237 977 3316 Episcopus
995 3239 1150 3315 praesidere

142 3310 240 3389 possit
262 3311 398 3373 electioni
416 3314 587 3376 Abbatissae.
606 3318 646 3376 Aa
667 3317 772 3396 quintb
793 3322 956 3396 specialiter
979 3322 1036 3380 suit
1058 3326 1151 3379 statu-

144 3407 232 3466 tum,
251 3406 283 3455 ut
297 3397 457 3476 Episcopus
476 3400 568 3477 possit
584 3403 749 3480 corrigere,
768 3413 798 3462 et
816 3407 943 3481 punire,
964 3398 1149 3462 velutidele·

142 3486 233 3552 gatus
249 3481 416 3559 apostolieae
437 3484 539 3559 Sedis,
562 3503 611 3545 eos
634 3503 757 3558 omneS,
780 3489 832 3565 qui
857 3487 967 3565 aliquid
992 3483 1151 3543 admittunt

143 3562 307 3632 adversim
324 3565 485 3630 claustrum
509 3569 702 3648 monialium,
720 3571 809 3633 ctiam
829 3579 1041 3649 exenaptarum.
1056 3565 1152 3641 Placet
