2642 4150
173 172 243 237 ,ta-2
573 165 799 230 iiidcxllcrcuu.

183 276 285 336 uolens
304 290 386 333 sacro
399 270 511 331 Ordine
531 270 643 331 initiari
660 288 700 331 an
725 268 816 348 possit
842 262 979 328 absolvit
997 266 1018 330 1.
1041 272 1072 330 6.
1085 289 1118 333 u.
1140 273 1193 335 65.

182 358 222 420 od
244 360 293 419 77.
317 360 363 418 dn
381 358 504 435 simplex
521 357 645 416 clericus
664 358 756 434 possit
771 354 923 415 absolvere
945 355 1158 419 moribundum
1174 359 1202 419 6

182 442 335 502 censuris?
346 439 368 501 1.
384 443 413 501 6.
426 460 457 501 u.
469 444 535 502 640.
548 443 679 501 Tenetur
690 440 806 500 deterre
815 437 970 511 habitum,
984 448 1014 499 et
1027 448 1193 504 tonsuram.

182 545 266 586 nutis.
287 528 357 587 866.
377 526 501 599 Quando
521 526 638 585 amittat
662 525 827 603 privilegia.
849 542 882 583 u.
905 525 974 584 867.
1001 524 1131 585 Clericus
1153 544 1193 586 au
1319 525 1320 604 ξ

88 632 90 636 ’
181 612 273 689 possit
295 612 361 672 fieri
380 611 533 688 religiosus
558 610 777 671 contradicente
799 609 969 687 Episcopo?
982 606 1005 669 1.
1020 610 1059 670 ,6.
1078 628 1110 670 u.
1124 611 1192 672 868.
1319 637 1320 702 }

182 696 285 756 Clerici
299 697 371 775 quid
386 714 473 773 agere
482 696 618 765 debcant,
632 696 655 753 si
666 694 935 754 excommunicatus
945 695 1020 756 nolit
1029 695 1194 757 recedere?

182 778 205 839 l.
220 782 250 841 7.
263 800 295 841 u.
312 783 380 842 176.
397 783 442 842 Dc
457 780 763 841 excommunicatione
780 779 818 839 ob
837 780 1058 857 percussionem
1072 782 1192 853 clerici,

182 861 205 924 1.
217 865 245 925 7.
264 886 297 930 u.
315 868 385 927 664.
403 866 532 927 Nomine
547 865 645 925 clerici
669 863 821 942 percussi,
839 866 907 941 quis
922 865 1046 924 veniat?
1066 883 1099 924 u.
1122 868 1192 926 670.
1319 921 1320 936 2

183 951 357 1011 Pcrcutlens
387 968 481 1010 unum
507 950 648 1009 clericum
675 968 731 1029 pro
753 950 822 1010 alio.
851 948 874 1009 1.
896 951 927 1010 7.
954 955 1048 1009 uuirt.
1069 953 1138 1012 676.
1160 953 1191 1012 Si

183 1035 363 1112 percutiatur
376 1036 499 1095 clericus
514 1035 685 1095 sollicitans.
703 1032 743 1095 16.
760 1035 790 1093 81
815 1036 882 1112 quis
903 1035 1031 1113 praebeat
1043 1053 1191 1096 venenum

183 1119 298 1180 clerico.
313 1139 345 1180 u.
364 1121 432 1182 686.
453 1118 568 1181 61106.
582 1121 610 1180 6.
630 1117 759 1178 Clericus
781 1119 813 1177 in
829 1120 918 1179 sacris
938 1138 998 1179 non
1018 1128 1115 1198 potest
1129 1140 1192 1181 me·

182 1202 245 1262 deri
264 1222 331 1263 cum
352 1205 517 1270 incisione.
540 1211 592 1263 aut
610 1203 775 1263 adustione.
798 1201 821 1262 1.
837 1205 867 1264 7.
884 1224 917 1264 u.
936 1206 1006 1265 584.
1026 1202 1067 1264 ud
1086 1207 1124 1264 V.
1145 1207 1192 1265 dn

183 1286 407 1350 beneficiatusd.
417 1290 446 1349 7.
458 1307 490 1347 u.
499 1289 615 1349 scula
627 1288 849 1366 peccentclerici
857 1289 1020 1349 assistentes
1029 1289 1196 1366 supplicio?

184 1389 218 1431 u.
230 1374 298 1432 465.
308 1373 386 1447 Quid
397 1374 422 1434 si
436 1391 467 1434 se
479 1373 678 1434 intromittant
686 1375 717 1432 in
726 1390 842 1433 causam
855 1373 1005 1453 sanguinis
1016 1376 1028 1431 1
1034 1392 1066 1433 u.
1080 1375 1149 1433 467.
1161 1384 1192 1435 et

184 1474 216 1517 u.
228 1459 296 1518 568.
307 1457 347 1519 ud
362 1460 415 1519 111.

225 1549 391 1612 euscium.
408 1554 452 1612 ue
473 1552 622 1630 requisitis
640 1552 677 1613 aa
699 1532 878 1612 marculum}
891 1548 913 1611 t.
931 1553 961 1611 a.
975 1571 1007 1611 e.
1022 1554 1131 1615 olom.
1146 1552 1195 1615 aa
1319 1517 1320 1520 Ὺ

184 1632 359 1695 codicillum.
372 1638 407 1695 Et
418 1636 490 1714 quid
509 1638 651 1714 importet
671 1638 799 1697 clausula
816 1637 1011 1697 codicillaris?
1023 1637 1060 1699 tl.
1319 1645 1320 1650 ’

225 1728 333 1789 Coecus.
344 1729 481 1788 Canonici
498 1733 564 1789 caeci
586 1749 623 1789 an
640 1730 843 1792 excusanturd
860 1727 1007 1791 choroll.
1022 1733 1096 1791 611.
1116 1734 1191 1793 150.
1319 1741 1320 1770 l

185 1811 264 1874 Dud.
277 1816 307 1874 6.
323 1816 369 1876 dn
382 1815 419 1874 sit
435 1815 630 1892 irregularis?
643 1813 666 1877 1.
678 1819 709 1878 7.
729 1835 761 1876 u.
776 1815 845 1878 404.
864 1817 910 1877 An
922 1817 998 1895 Papa
1016 1818 1108 1895 possit
1129 1818 1194 1879 dis·

185 1913 307 1976 pensare
320 1917 388 1958 cum
397 1904 538 1960 cucoiu.
549 1903 618 1960 414.
1196 1919 1206 1925 ”

185 1997 380 2147 αᾶίέιῑέίὸαωε
400 1998 597 2061 observandus
615 2001 728 2064 clericis
750 2003 782 2065 in
799 2002 903 2064 Sacris.
922 2001 943 2062 1.
959 2005 988 2063 6.
1012 2021 1097 2064 uuus.
1119 2005 1189 2065 806.

200 2178 424 2325 tt'chacterium
449 2180 597 2260 quomodo
624 2183 784 2262 polluatur.
813 2182 834 2244 1.
861 2186 890 2246 6.
912 2176 945 2245 u.
976 2186 1046 2248 565.
1075 2187 1108 2247 iu
1131 2183 1189 2266 fia.

183 2281 198 2323 c
230 2282 247 2324 a
290 2306 298 2322 .

225 2356 461 2503 Cacucgfflomini.
481 2360 527 2421 An
548 2359 579 2421 in
599 2344 641 2422 ca*
657 2365 747 2443 possit
769 2344 910 2427 celebrari
931 2365 1096 2443 priuatim?
1111 2362 1134 2424 i·
1157 2367 1190 2426 6·

184 2460 300 2502 uum..)
344 2485 352 2502 .

225 2537 395 2615 (tupesclu
407 2555 511 2616 cogens
522 2542 648 2603 alterum
665 2543 701 2602 ad
712 2542 875 2604 ludendam
886 2543 979 2623 possit
997 2543 1128 2603 retinere
1146 2542 1191 2602 lu·

184 2627 317 2683 eratum?
331 2618 352 2681 1.
367 2624 398 2682 4.
412 2641 444 2683 u.
461 2625 530 2685 880.
713 2624 718 2649 ²

111 2741 116 2753 ·
225 2713 378 2794 Capitolio.
391 2718 438 2777 dn
451 2718 537 2777 liceat
559 2737 591 2779 se
607 2719 744 2780 delectari
764 2719 802 2779 de
818 2720 994 2797 cogitatione
1006 2720 1115 2794 objecti
1130 2728 1193 2780 tur·

173 2794 252 2875 pis?
262 2795 284 2858 1.
297 2800 326 2858 6.
342 2818 374 2858 u.
389 2802 437 2860 17.
454 2803 501 2861 An
514 2805 703 2881 cogitationes
722 2816 821 2884 turpes
833 2804 941 2866 habitae
953 2806 985 2865 in
996 2804 1121 2866 Ecclesia
1131 2805 1193 2864 sint
1319 2810 1320 2885 i

185 2883 359 2961 sacrilegia?
373 2881 396 2942 1.
408 2888 440 2945 4.
451 2904 484 2945 u.
501 2889 570 2949 466.
1319 2912 1320 2923 ’

225 2977 381 3058 depactio,
396 2987 426 3039 et
440 2982 597 3062 Copnctus.
611 2985 687 3045 Vide
698 2986 898 3066 Propinquus.
922 2987 1064 3065 Cognatio
1078 2987 1191 3066 legalis.
1319 3018 1320 3027 1

185 3058 207 3118 1.
221 3063 250 3120 6.
268 3080 301 3121 u.
323 3064 410 3124 1067.
425 3057 565 3143 Cogitatio
592 3067 792 3149 spirituaiied
813 3071 919 3148 quibus
935 3077 966 3131 et
983 3070 1103 3148 quando
1121 3088 1194 3130 con·
1319 3052 1320 3079 ³

186 3144 343 3206 trahatur?
365 3167 447 3209 nunu
472 3153 568 3227 1068;
599 3156 741 3233 Cognatio
762 3153 904 3216 cornelia.
929 3175 964 3215 rt.
985 3156 1076 3216 1069.
1094 3154 1192 3215 Arbor

186 3233 454 3308 consanguinitatis.
468 3255 501 3311 rt.
514 3238 602 3297 1050.

225 3314 419 3383 Coltuditatio.
432 3319 476 3380 Ad
495 3339 559 3382 cam
575 3330 714 3383 tenentur
732 3324 881 3403 conjuges.
898 3322 920 3385 1.
936 3327 966 3386 6.
980 3343 1013 3384 a.
1024 3324 1094 3385 950.
1111 3323 1193 3385 Uxor
1319 3296 1320 3371 1

184 3409 301 3460 tenetur
317 3403 400 3480 sequi
418 3405 516 3464 virum
532 3407 628 3484 quoad
643 3406 900 3470 cohabitationem.
914 3428 945 3470 u.
962 3411 1031 3470 677.
1268 3474 1273 3481 .

97 3484 103 3496 ’
224 3481 365 3557 Collatia,
379 3495 409 3546 et
423 3485 561 3550 collator.
575 3491 710 3563 Quorum
721 3493 868 3555 bonorum
881 3495 997 3554 collatio
1009 3493 1074 3553 lieri
1085 3492 1192 3553 debeat

183 3566 262 3629 inter
272 3569 397 3632 iratres?
410 3569 432 3636 1.
447 3574 477 3634 4.
490 3591 522 3634 u.
536 3575 604 3636 664.
616 3576 771 3651 Quomodo
781 3580 970 3658 acquirantur
983 3576 1122 3641 liencfieia
1135 3593 1192 3653 per
