2642 4150
290 253 294 260 ¹
320 181 384 260 ⁴ne
397 159 753 258 potcocorniatromm.
770 178 867 257 capa
881 178 926 238 n.
1071 181 1124 239 ru

27 281 28 306 ³
124 280 299 362 pascendas,
315 276 366 353 qui
381 276 467 346 noxia
492 273 625 351 presencia
650 275 825 333 salutarrlrus
848 275 930 335 certo
950 275 1128 355 distinguere

124 381 185 427 non
201 370 309 444 posset.
322 356 425 437 inepte
443 358 534 434 igitur
543 358 675 417 Ecclesiae
689 358 822 417 fidelium
835 375 903 418 eura
918 368 992 419 esset
1007 360 1128 420 deman·

125 448 212 519 data,
232 448 256 506 si
271 452 349 505 corta
366 442 487 501 scientio
500 440 536 498 ad
547 441 639 501 libros
659 442 804 501 rectoerel
821 441 963 518 improbae
987 443 1128 503 doctrina

124 529 327 606 dijudicandos
340 526 395 604 ipsi
414 524 523 583 tributa
542 524 724 584 nonluissct.
931 583 936 590 ,
1113 555 1114 560 1

160 614 201 672 11.
217 611 301 686 Quod
320 618 419 669 autem
432 625 494 666 mos
504 607 637 667 Ecclesiae
647 605 826 684 prohibendi
834 614 864 667 et
876 606 1011 667 abolendi
1023 626 1126 687 pravos

27 721 28 728 ¹
121 696 217 757 libros
240 695 279 754 sit
309 712 345 753 cx
367 688 526 751 traditione
552 699 582 749 et
609 699 754 767 praecepto
778 692 1012 768 Apostolorum,
1039 692 1125 769 plura

124 780 337 840 demonstrant.
352 773 542 834 Primoenim
563 781 691 847 constat,
712 774 788 833 hanc
806 775 990 853 disciplinam
1008 794 1126 853 semper

124 872 154 924 et
174 862 285 938 ubique
307 858 482 918 in'Eeelesia
507 858 649 934 viguisse,
671 859 745 935 quin
770 859 876 935 aliquis
901 861 1051 932 Pontifex,
1073 870 1125 921 aut

122 946 289 1005 Concilium
311 942 403 1021 possit
421 940 563 1013 indicari,
588 939 605 998 ia
633 960 693 1018 quo
722 942 783 1018 ipsa
809 942 928 1001 initium
955 947 1122 1020 sumpserit.

124 1026 205 1086 Dicit
231 1025 369 1103 Oriqeoes
393 1022 550 1092 elicitis,
575 1022 628 1102 qai
652 1023 767 1083 aicierca
784 1024 821 1085 ab
835 1024 972 1086 Eoclcsiis
996 1025 1124 1086 macnus

122 1108 260 1169 clinicam
280 1103 462 1185 pertulerant
481 1103 648 1181 ultionem,
670 1106 699 1164 si
713 1105 926 1185 judicaretur,
954 1126 1050 1167 rsonae
1070 1112 1124 1187 ja·

123 1192 275 1266 alienarat,
291 1198 324 1249 ut
348 1187 376 1249 si
394 1186 467 1269 quid
488 1188 629 1268 acceptam
645 1185 841 1267 reliquerant,
858 1190 996 1250 universa
1011 1191 1125 1271 pariter

123 1293 188 1336 enm
220 1276 352 1355 ipsoram
380 1271 527 1347 cineribus
556 1269 755 1351 deperirent?
780 1274 868 1330 Hem.
896 1276 926 1332 9.
953 1277 1029 1352 Ergo
1060 1275 1124 1351 jam

123 1370 257 1436 tempore
288 1357 422 1436 (triponis
441 1374 504 1414 mos
521 1356 636 1431 vigebat
667 1374 790 1414 erronea
815 1358 921 1433 scripta
938 1360 1121 1435 extirpandi.

122 1444 232 1503 'Serisus
248 1440 405 1518 apti-cmi,
429 1436 625 1508 Tertulliani,
645 1448 675 1496 et
692 1438 836 1517 Cypriani
846 1437 908 1513 jam
927 1440 1015 1516 supra
1035 1460 1124 1518 expo·

123 1525 248 1584 suimus.
269 1520 433 1583 Alexander
443 1520 664 1581 Alexandrinus
686 1522 835 1598 (quivixit
856 1532 986 1599 tempore
1003 1524 1123 1583 concilii

122 1605 248 1685 llicaeni)
263 1607 404 1666 enarratis
422 1607 554 1670 damnis,
575 1623 641 1682 quae
652 1604 720 1663 fidei
739 1605 904 1664 inserebant
919 1604 1123 1670 hemacorum

122 1691 210 1763 libri,
231 1690 324 1762 dicit,
354 1709 387 1749 se
411 1691 517 1766 scripta
544 1689 595 1747 illa
623 1689 768 1765 suscipere
787 1707 847 1748 non
876 1690 1013 1765 potuisse.
1037 1688 1120 1751 elica.

122 1772 319 1835 Alexandria.
335 1774 432 1854 Epist.
447 1772 488 1832 act
499 1770 583 1832 Alea.
599 1773 630 1831 C.
642 1775 680 1832 P.
699 1770 781 1851 apud
796 1770 934 1833 recator.
953 1769 975 1833 1.
999 1777 1027 1833 1.
1050 1774 1119 1836 tat.

121 1878 146 1919 c.
158 1858 188 1916 l.
201 1865 230 1917 et
245 1856 327 1937 apud
343 1859 455 1916 Boron.
470 1855 510 1922 acl
524 1876 576 1915 aa.
591 1857 658 1914 518.
671 1875 702 1914 a.
715 1857 765 1915 85.
783 1856 864 1915 ldern
876 1867 1021 1917 testantur
1032 1859 1121 1919 Arae

122 1941 206 2012 licre,
232 1939 314 2020 apcal
336 1942 449 2000 Barea.
477 1937 517 1998 acl
535 1958 585 1997 aa.
607 1941 654 1998 to.
683 1957 715 1998 a.
740 1940 809 2020 3302.
830 1941 861 1998 S.
882 1939 1066 2001 Athanasius
1085 1941 1121 2001 cle

120 2023 237 2085 incarn.
256 2021 340 2085 Verb.
355 2020 866 2104 1111111113111111,80111118ὴί1.
880 2019 901 2081 1.
915 2024 944 2083 2.
955 2041 1020 2101 cap.
1035 2025 1083 2083 at.
1092 2033 1121 2084 ct

121 2109 259 2168 llistoriei
286 2125 409 2178 omnes,
435 2113 569 2165 recenter
599 2123 753 2164 conversos
783 2107 820 2164 ab
846 2104 949 2165 haeresi
978 2124 1121 2183 nusquam

119 2192 208 2251 luisse
222 2194 256 2251 in
277 2191 400 2250 Ecclesia
417 2199 570 2266 receptos,
589 2190 645 2248 nisi
669 2198 824 2268 postquam
839 2199 959 2249 cunctos
986 2189 1118 2259 codices,

120 2293 193 2352 qnos
205 2275 348 2334 haberent
360 2317 368 2342 ‚
382 2273 461 2333 ultro
477 2273 703 2332 concremandos
710 2274 893 2332 detulissent.
905 2275 977 2331 item
989 2271 1121 2332 Naama-

119 2377 211 2419 zeaus
235 2367 310 2420 orat.
327 2360 374 2418 18.
402 2365 483 2417 notat
504 2359 536 2418 8.
565 2350 750 2436 Cypriacam
776 2374 836 2416 non
859 2357 945 2415 aliter
968 2367 1119 2434 receptum

116 2443 228 2515 luisse,
251 2444 307 2502 nisi
322 2442 389 2502 erim
409 2443 546 2501 attulerat
557 2442 655 2519 plures
668 2441 759 2499 libros
772 2439 994 2498 comburendos.
1012 2442 1044 2498 8.
1057 2444 1120 2498 Au·

115 2529 256 2605 pristinas
275 2526 353 2585 idem
378 2526 572 2592 confirmans,
597 2522 633 2582 de
656 2522 784 2598 quodam
811 2521 948 2579 heretico
968 2522 1118 2596 loquens,

117 2613 161 2669 sic
179 2611 296 2687 scripsit
310 2607 466 2668 :Perierat
482 2609 553 2681 iste,
569 2623 648 2664 ituree
669 2604 810 2683 quasitot
821 2645 831 2676 ,
843 2601 1003 2676 ¹iuuentae¹
1025 2601 1120 2661 addat-

116 2701 182 2754 ctue
199 2701 254 2752 eet.
267 2695 375 2752 Pectat
397 2708 493 2751 ocatur
512 2683 843 2754 caticumenum,
858 2701 912 2763 par
930 2701 1002 2763 quos
1020 2683 1121 2762 farrea

116 2775 180 2856 ipse
200 2774 414 2850 incendendos,
437 2784 470 2834 at
493 2771 555 2832 itte
574 2772 608 2831 in
626 2771 724 2850 ipnem
738 2767 856 2840 atracia,
882 2766 916 2826 ia
935 2765 1120 2846 refriperiauc

117 2866 263 2918 transcat.
281 2854 416 2918 IoPsat.
443 2859 493 2916 61.
511 2857 544 2916 io
564 2854 621 2933 fia.
652 2855 733 2913 Idem
755 2853 843 2912 tradit
864 2853 1118 2912 Damascenuedc

115 2943 248 3018 quodam
263 2940 407 3016 'llicnda3
426 2941 503 3018 apud
523 2935 691 3017 Beperlc'alc.
709 2935 787 2997 aare.
807 2935 901 2997 Liber.
924 2936 1064 2997 Praeterea
1081 2939 1117 2997 in

114 3025 285 3102 apostolicis
300 3023 565 3083 constitutionibus
574 3019 636 3100 (111.
650 3025 714 3082 l.a.
729 3021 772 3100 (i.)
782 3022 823 3080 sic
835 3019 982 3079 habetur:
998 3020 1118 3082 abatiae
1153 3023 1157 3027 *

113 3103 721 3180 (11011πί1181111·1861111111111....ρι111
738 3113 835 3165 autem
856 3102 910 3165 att
928 3122 993 3163 cam
1012 3103 1118 3166 olienis

112 3189 320 3260 moenibus,
339 3187 534 3270 corticellas,
553 3195 606 3247 nat
629 3187 718 3265 111113
734 3186 902 3268 properas,
920 3187 1117 3268 quapridem

112 3270 250 3333 aornim
267 3273 287 3329 a
302 3270 361 3351 ficte
374 3280 452 3331 recta
466 3271 664 3350 detorqueat?
1202 3266 1204 3275 ’

154 3357 211 3415 111.
225 3357 346 3414 Constat
369 3356 462 3431 igitur
474 3353 558 3431 juxta
574 3363 719 3432 receptam
736 3353 896 3433 Aepostiai
909 3355 1061 3430 regulam,
1081 3347 1116 3406 de

111 3440 211 3517 Bapt.
227 3434 248 3497 1.
264 3439 294 3496 l.
309 3456 335 3496 a.
349 3440 400 3498 91.
414 3455 526 3497 morem
546 3438 666 3498 cavendi
688 3438 726 3496 ab
745 3438 843 3513 impiis
861 3438 965 3505 libris,
982 3437 1116 3510 ipsosque

110 3520 343 3595 concremandi,
357 3522 393 3582 ob
404 3522 549 3600 Apostolls
559 3522 745 3596 demanasse3
759 3521 791 3579 8.
802 3516 918 3579 Paulus
930 3517 1009 3574 anim
1020 3511 1112 3571 dixite
