2642 4150
167 212 226 272 eto
381 250 386 262 .
591 200 750 285 Appianis

168 308 291 373 illorum
311 305 498 392 panonnia
519 301 642 367 tribues.
658 304 751 364 Valde
774 301 894 381 quidem
919 300 1062 366 differunt
1087 305 1176 369 verba

167 393 287 456 hincab
312 393 377 455 aliis
397 391 486 472 sopri
511 389 621 454 relatis.
641 385 792 465 Ejusmodi
820 386 892 449 verb
913 384 1089 468 detractores
1106 400 1178 453 sunt

175 480 241 540 Van
256 479 373 559 Espen,
388 475 515 557 Flauia,
531 473 692 554 aninna,
710 468 859 553 prefatus
878 470 1055 554 lannoius,
1074 484 1106 538 et
1124 476 1176 538 alil

169 562 274 623 similis
290 561 412 622 furfuris
429 567 573 621 auctores.
991 563 994 570 ⁴

208 646 401 720 xxv.‚Quod
423 652 522 704 autent
543 642 677 703 subdunt
698 638 880 713 adversarii,
894 657 1003 721 nempe
1020 659 1096 722 opus
1112 653 1179 707 'esse
1270 653 1282 662 ⁴

170 730 207 792 ad
225 729 340 807 justum
360 729 516 790 ferendum
532 726 701 805 judicium,
720 734 854 787 auctores
866 727 991 799 audire,
1005 730 1178 808 priusquina

172 813 304 891 ipsorum
321 830 411 892 opera
432 813 631 886 damnentur;
651 812 794 881 dicimus,
816 810 849 869 id
868 828 924 870 nec
943 812 1100 887 oportere,
1126 832 1179 875 nce

171 898 326 976 expedire,
345 906 379 958 nt
390 897 453 975 jam
473 898 545 959 olim
561 894 735 973 judicarunt
753 896 851 954 Patras
864 895 977 971 synodi
997 895 1179 957 'tridentina

172 990 273 1044 contra
291 983 433 1059 quosdam
452 997 559 1059 panem
571 980 732 1057 Episcopus
744 1020 752 1048 ‚
765 979 816 1056 qui
830 976 953 1039 omnind
968 979 1175 1058 requirebant,

173 1074 208 1126 ut
227 1073 361 1126 auctores
376 1065 571 1138 audirentur-3
593 1064 624 1123 in
645 1061 816 1139 hujusmodi
835 1062 917 1121 enim
934 1059 1048 1137 judicio
1066 1064 1178 1124 uon'de

173 1150 307 1229 perennis
319 1148 497 1229 scriptarum
511 1146 687 1207 damnandis
703 1149 864 1216 tractetur,
879 1145 931 1204 scd
948 1146 986 1204 dc
997 1148 1179 1209 removendo

174 1234 303 1305 damno,
321 1233 383 1293 siva
403 1233 504 1292 damni
525 1231 678 1309 periculo,'
701 1231 749 1289 cui
769 1228 870 1290 fideles
889 1238 1012 1306 propter
1032 1230 1180 1292 libroruin

175 1318 296 1379 illorum
311 1319 468 1379 lectionem
489 1317 607 1377 subesse
626 1323 759 1396 possunt.
773 1313 819 1374 dd
838 1314 911 1393 quid
931 1325 1030 1376 autem
1051 1318 1180 1393 requiri-

176 1410 227 1463 tur
244 1403 344 1463 citatio
362 1402 507 1473 auctorit,
526 1402 577 1461 ubi
597 1401 658 1480 ipsa
671 1400 778 1478 scripta
792 1398 855 1475 cjus
871 1398 1077 1460 confessionem
1090 1399 1178 1460 exhi·

175 1480 1181 1563 bont?Ciminium,eitLndooicnaMnrotoriuadclnpendiodcr.

176 1566 251 1629 libro
266 1570 296 1629 2.
314 1569 409 1648 capite
424 1572 463 1640 ll,
478 1568 553 1629 sotei
571 1588 590 1628 a
612 1576 707 1629 crtum
717 1584 747 1626 ae
758 1562 944 1626 dissimulari
958 1585 1019 1627 non
1030 1570 1182 1647 patiatur,

175 1658 205 1712 et
221 1650 405 1711 excusationi
424 1649 517 1711 torrem
540 1587 658 1729 cubet,
677 1648 823 1740 intrepidi
843 1650 987 1710 sententia
1004 1650 1139 1731 fieretur,
1153 1659 1185 1711 et

175 1731 324 1794 inauditio
340 1751 453 1817 quoqne
473 1733 658 1809 canoribus,
676 1731 898 1812 prosnibontnr
916 1732 1184 1815 tentrnctpotttcoe

130 1869 135 1874 .
176 1816 296 1879 debetne
311 1818 411 1881 indiae
431 1816 588 1879 medicina.
600 1816 724 1877 llinimi
742 1816 833 1895 igitur
851 1835 944 1896 opus,
958 1836 1011 1879 nec
1021 1819 1185 1896 expediens

177 1912 243 1975 cst,
258 1905 292 1965 at
311 1902 469 1964 audiantur
488 1911 639 1973 auctores,
654 1902 706 1962 ubi
726 1919 763 1961 cx
783 1902 886 1966 iisdem
900 1902 983 1962 libris
996 1911 1090 1981 potest
1101 1902 1185 1980 judi·

178 1992 259 2054 cium
277 1989 425 2053 efformari
436 2033 446 2065 ,
466 1988 548 2066 quid
569 2004 676 2049 eorum
697 1985 784 2047 lectio
806 1988 893 2046 noxia
910 1987 960 2046 vel
980 1989 1083 2047 saltem
1104 1988 1185 2066 peri·

179 2080 278 2139 culoso
299 2078 364 2137 aliis
384 2093 446 2135 essa
468 2076 570 2153 possit.
583 2073 734 2147 Quamvis¹
746 2071 827 2132 enirn
847 2081 949 2133 auctor
971 2074 1092 2135 innoxie
1110 2071 1184 2133 scri·

179 2164 288 2241 pserit,
302 2169 333 2222 et
344 2159 450 2221 dcinda
463 2161 495 2221 in
510 2160 588 2221 bono
601 2176 688 2218 seusu
706 2157 801 2217 valcat
821 2158 928 2235 scripta
947 2176 1001 2229 sua
1018 2160 1183 2237 explicare,

178 2242 459 2307 nihilomindsbeni
471 2253 607 2322 potestat
620 2243 707 2303 debet
717 2243 841 2303 Ecclesia
858 2243 969 2304 librum
982 2242 1183 2323 proscribere}

179 2333 205 2392 ei
223 2330 357 2408 judicat,
374 2330 531 2390 lcctioncm
549 2330 628 2389 illius
646 2329 808 2408 pernicicm
826 2330 944 2406 populis
960 2331 1130 2390 allaturam.

185 2490 189 2495 ,
218 2416 328 2479 XXVI.
345 2416 474 2489 Quaero,
494 2415 567 2492 quid
588 2425 658 2475 tunc
670 2422 770 2494 egeret
782 2422 901 2486 auctor,
914 2415 939 2474 si
956 2431 1055 2475 coram
1072 2415 1187 2475 audire·

89 2576 94 2583 ι
177 2504 255 2562 tur?
266 2500 320 2560 Vcl
339 2498 469 2572 diceret,
482 2517 513 2561 ae
525 2497 670 2560 catholico
685 2515 773 2559 sensu
783 2497 1033 2571 luisselocntum‚
1048 2500 1096 2560 vel
1112 2517 1188 2577 opus

179 2602 242 2649 uon
261 2584 492 2644 assecuraret
513 2583 664 2661 primum,
686 2582 762 2642 nibil
782 2581 813 2641 id
827 2583 854 2641 ci
872 2583 1004 2660 proderit
1017 2583 1054 2642 ad
1069 2583 1189 2643 damna·

181 2669 293 2728 tionem
306 2669 402 2746 operis
418 2668 589 2744 vitandam,
607 2667 658 2728 ubi
671 2668 768 2745 aliqua
782 2667 944 2744 propositio
954 2675 1091 2727 censetur
1102 2685 1189 2744 possa

179 2753 246 2812 aliis
270 2751 446 2811 offendiculo
471 2769 553 2825 essa,
580 2753 714 2831 quamvis
731 2752 793 2829 ipsc
812 2752 952 2812 innocens
974 2752 1134 2831 judicetur.
1155 2756 1189 2814 Si

181 2835 360 2906 secundum,
383 2852 479 2913 neque
498 2836 529 2895 id
549 2836 781 2914 prohibitionem
801 2836 949 2913 impedire
966 2837 1091 2907 valebit,
1116 2835 1189 2897 ciam

182 2938 243 2981 non
258 2926 360 2979 auctor
380 2918 561 2981 damnationi
579 2919 778 2998 subjiciendus
795 2919 852 2995 sit,
876 2916 927 2978 sed
948 2915 1064 2980 tantdm
1086 2918 1202 2981 fideles¹

182 3004 220 3064 ab
237 3003 335 3082 operis
357 3003 483 3063 lectione
507 3007 654 3066 removeri
680 3003 806 3077 debeat,
828 3003 990 3081 prohibitio
1013 3004 1094 3065 enim
1125 3021 1190 3064 non

179 3096 242 3147 tam
261 3086 352 3147 libros
374 3088 514 3165 respicit,
537 3087 626 3166 quim
654 3087 755 3149 fideles
777 3105 851 3165 quos
875 3096 993 3165 oportet
1019 3088 1056 3146 ab
1082 3096 1190 3148 eorum

181 3173 306 3234 lectione
328 3178 473 3234 avertere.
497 3172 585 3235 Nibil
605 3190 679 3252 opas
695 3191 773 3245 eoae,
795 3174 893 3251 inquit
908 3171 1130 3236 bencd'Xll'.
1156 3174 1192 3235 in
1306 3162 1315 3229 Ϊ

177 3258 261 3323 bulla
271 3257 321 3317 cit.
332 3253 479 3336 Sollicita,
490 3258 517 3338 §.
531 3262 575 3318 tn.
585 3259 722 3320 ductores
734 3259 767 3318 in
772 3256 921 3340 judicium
932 3276 1052 3331 uocare,
1066 3257 1119 3320 cti
1128 3275 1193 3319 non

181 3340 300 3425 quidenna
316 3340 350 3401 de
366 3360 468 3403 corana
478 3345 612 3423 misertis
622 3341 762 3403 notandis
782 3342 900 3422 opiter,
910 3336 1002 3403 sedda
1013 3339 1193 3405 coenulendo

181 3423 314 3506 {idalium
328 3425 536 3494 indemnitati,
548 3432 635 3506 atque
646 3426 801 3488 auertendo
814 3426 853 3489 ab
865 3426 938 3508 ipaia
950 3425 1097 3506 periente,
1111 3425 1196 3506 qicoe

183 3513 278 3569 nocui
300 3506 441 3572 libroruin
461 3506 579 3570 lectione
600 3507 689 3589 facili
705 3509 928 3571 intramnensi
942 3515 1003 3590 qud
1025 3511 1092 3573 neri
1111 3509 1195 3590 ipae·

184 3590 286 3654 rainice
299 3588 361 3656 labe
375 3589 503 3657 auctoris
521 3609 627 3665 nortten
647 3612 685 3657 ca
698 3609 738 3659 -co
759 3597 877 3680 emerui
893 3599 1066 3678 contingant,
1083 3611 1146 3658 reon
1160 3594 1198 3658 id
