2642 4150
175 193 194 252 6
367 169 947 267 DeroutctaotacutPoctis.decretis,etc.

218 291 322 350 Cotton
343 291 416 351 XV.
438 290 473 348 lu
495 288 569 349 illud
594 287 908 359 animadvertendum,
936 284 1009 349 naim
1028 285 1179 364 pontificia

175 373 351 433 Constitutio
370 371 481 450 aliquid
500 371 660 450 prohibens
683 370 789 432 alicubi
808 379 923 449 recepta
945 388 1006 453 non
1022 370 1081 441 sit,
1099 370 1183 448 quod

175 456 213 516 de
237 459 268 517 S.
284 455 337 516 Pii
358 458 394 517 V.
414 457 622 521 constitutione
650 455 724 517 Cbm
739 472 832 527 onus,
855 454 1020 533 gravissimi
1039 455 1181 514 Doctores

174 541 253 619 apud
265 539 375 602 Bcoed.
386 541 438 602 XI
442 543 478 602 V.
486 542 524 602 de
538 543 609 621 Syn.
622 542 715 602 Dioec.
730 542 751 601 1.
764 543 813 602 16.
828 558 854 599 6.
864 541 893 600 5.
911 557 942 598 n.
952 541 981 600 b.
991 547 1133 609 narrant,
1148 539 1181 598 iu

177 625 269 686 Gallia
280 625 409 711 scilicet,
424 624 523 706 belgio
536 670 545 699 ‚
557 635 588 687 et
603 625 759 687 Germania
770 643 831 687 non
845 641 907 684 csse
919 623 1001 684 illam
1021 630 1179 700 receptam.

215 796 241 877 6.
258 798 296 859 11.
310 795 470 879 Pontificio
491 796 603 862 decreta
622 799 643 858 d
668 748 808 877 Tbcolopo
823 792 933 859 morata·
948 812 1012 877 666
1032 796 1144 879 cebris

570 880 792 944 consideranda.

530 1054 822 1115 PROPOSITIONES

419 1245 555 1290 bruttium
577 1244 611 1287 ΑΒ
629 1243 793 1288 utuxtuutto
807 1245 876 1289 ΡᾸΡΔ
894 1246 948 1290 vn.

390 1400 478 1461 Ferte
502 1402 530 1462 b.
555 1398 602 1461 dic
623 1400 662 1460 ab
685 1397 860 1480 Septembris
880 1352 968 1461 1666.

215 1573 491 1655 incongregatione
511 1571 640 1652 gcnerali
662 1577 768 1630 sancta
789 1573 945 1644 Romana,
961 1578 990 1633 et
1006 1573 1181 1636 6616666116

177 1658 396 1734 1666161116616,
411 1675 510 1717 coram
525 1658 578 1718 88.
590 1658 632 1715 D.
646 1657 688 1715 N.
704 1652 871 1717 Alexandro
888 1659 964 1735 Papa
983 1658 1049 1719 Vll.
1066 1658 1183 1720 maturd

175 1740 311 1801 discussis
332 1741 523 1819 infrascriptis
543 1739 814 1840 propositionibus.
1185 1774 1187 1779 »

185 1866 188 1873 .
177 1827 245 1885 1.
257 1826 351 1886 Homo
367 1826 450 1887 66116
470 1844 601 1905 unquam
621 1826 689 1885 vitae
710 1843 772 1885 suaa
791 1833 924 1904 tempore
941 1837 1059 1890 tenetur
1078 1829 1185 1889 6116666

177 1918 274 1970 actum
292 1909 362 1970 fidei
376 1911 460 1989 ‚spei
476 1919 505 1971 et
525 1909 674 1971 charitatis
687 1927 722 1969 ex
733 1908 763 1969 vi
777 1919 992 1989 praeceptorum
1011 1912 1183 1974 divinorum
1217 1978 1224 1989 ,

177 1993 212 2053 ab
225 2010 273 2053 aas
284 1992 409 2055 uirtutes
423 1995 648 2094 6661166611666.

212 2079 245 2140 d.
272 2079 328 2138 Vir
344 2080 488 2164 equestris
513 2079 549 2139 ad
570 2080 914 2183 duellumprovooatus,
931 2092 1026 2160 potest
1041 2082 1116 2145 illud
1135 2103 1184 2144 ac·

177 2170 316 2241 captare,
336 2181 375 2223 66
384 2159 551 2224 timiditatis
562 2174 662 2224 notam
676 2171 754 2246 apud
767 2171 839 2230 aiios
855 2169 996 2227 incurrat.

216 2248 246 2305 5.
262 2248 410 2308 Sententia
434 2265 584 2321 asserens,
603 2249 715 2310 bullam
731 2254 828 2313 Coenae
845 2249 940 2311 solbm
949 2252 1185 2330 6666111661)-

177 2331 353 2391 solutionem
367 2330 507 2407 haeresis,
526 2341 555 2394 et
577 2333 703 2394 aliorum
726 2338 905 2407 criminum,
929 2337 1046 2433 quando
1064 2336 1185 2416 publica

173 2423 263 2486 ·‚sunt
290 2424 321 2475 et
342 2415 373 2474 id
392 2435 453 2476 nou
477 2417 618 2495 derogare
640 2419 769 2480 1666116ιί
796 2419 988 2492 Tridentini,
1013 2420 1045 2479 in
1067 2439 1124 2497 qua
1146 2421 1185 2480 de

177 2499 299 2559 occultis
322 2500 494 2560 criminibus
509 2520 606 2561 sermo
619 2513 684 2576 est,
702 2523 779 2563 anno
803 2505 889 2564 4629.
906 2504 944 2562 18
963 2503 1063 2562 Julii
1054 2522 1086 2563 in
1106 2506 1186 2565 Con·

177 2583 293 2643 sistorio
306 2601 379 2643 sacr.
396 2585 503 2662 Congr.
519 2587 709 2649 Eminentiss.
728 2589 814 2648 card.
828 2588 888 2645 visa
902 2630 910 2658 ‚
923 2596 952 2646 et
964 2587 1086 2647 tolerata
1098 2597 1155 2648 est.

191 2711 194 2717 .
215 2668 246 2726 b.
261 2668 375 2729 Proelati
391 2667 549 2746 Regularas
568 2681 690 2747 possunt
706 2672 737 2731 in
750 2672 814 2732 soro
834 2671 1018 2732 6666616666
1033 2671 1185 2733 absolverc

178 2767 379 2848 quoscumque
400 2756 551 2814 saeculares
569 2755 606 2813 ub
621 2752 726 2815 baeresi
747 2756 878 2831 occulta,
900 2763 930 2815 et
952 2753 990 2814 ab
1012 2753 1184 2819 excommu-

178 2835 324 2917 6116611666
340 2847 461 2914 6666166
474 2856 539 2897 eam
553 2840 680 2898 incursa.
1130 2869 1135 2874 ·

217 2920 246 2978 b.
256 2907 776 2994 Qaramvisevidenteruticensem,
789 2925 908 2983 Petrum
922 2940 983 2984 esse
993 2921 1184 2999 hereticum,
1246 2927 1261 2939 ⁸

178 3020 239 3063 non
249 3004 356 3065 1661616
373 3005 569 3076 denuntiare,
583 3024 607 3065 si
600 3007 748 3085 'probaro
760 3026 820 3068 non
835 3008 936 3085 possis.

216 3090 245 3148 6.
269 3090 486 3165 confessarius,
514 3092 565 3169 qui
594 3092 625 3150 16
653 3093 854 3152 sacramentali
876 3092 1054 3155 confossione
1076 3096 1185 3157 tribuit

178 3174 332 3250 poenitenti
353 3172 483 3233 chartam
504 3183 602 3253 postea
624 3175 806 3251 legendam
797 3195 828 3235 ua
848 3194 905 3253 qua
923 3176 960 3235 ad
981 3195 1120 3238 venerem
1137 3181 1185 3239 in·

177 3257 269 3329 citat,
290 3276 350 3320 non
361 3268 497 3319 censetur
507 3259 901 3321 sollicitasseinconsessione
917 3279 926 3338 3
941 3277 975 3321 nc
984 3262 1109 3341 proinde
1122 3282 1185 3325 non

177 3351 221 3404 cst
236 3342 464 3404 denuntiandus.

155 3453 165 3458 -
217 3421 247 3479 7.
269 3420 373 3480 Modus
407 3417 553 3479 evadendi
586 3417 796 3495 obligationem
814 3418 1023 3483 6666666666
1043 3422 1186 3485 sollicita·

177 3502 266 3563 tionis
289 3510 350 3575 cst,
366 3503 391 3562 si
419 3501 591 3562 sollicitatus
613 3499 788 3562 confiteatur
811 3521 878 3562 cum
904 3503 1110 3580 sollicitante„
1135 3508 1185 3571 bic
1258 3565 1261 3568 .

178 3591 275 3663 potest
292 3590 392 3664 ipsum
415 3586 567 3649 absolvere
582 3583 693 3677 absquo
706 3603 796 3646 66666
808 3586 1013 3648 denuntiandi.
