2642 4150
171 190 210 251 50
380 187 423 248 De
438 200 627 248 romanorum
647 170 763 268 Pontis.
778 185 915 265 decretis,
930 196 980 250 etr.

209 293 377 365 illicimus,
392 288 603 353 obseruandum
613 290 652 351 lis
665 309 734 351 esse.

209 382 259 440 lv.
277 380 422 454 Quanam
437 375 500 437 sint
517 372 612 457 epula
634 372 722 438 licita
737 422 745 451 ,
759 394 826 457 puer
845 386 985 443 urantur
998 398 1065 441 cunr
1087 378 1179 445 inter-¹

170 462 254 525 dictis
266 460 408 543 conjunpi
415 467 431 520 l

209 546 461 626 Respondemus:
483 543 600 627 Epulas
622 541 784 627 licitospro
798 547 856 624 iis,
878 546 985 628 quibus
1000 549 1177 628 permissum

170 643 214 697 est
232 650 336 695 carnes
360 631 519 706 concedere,
538 650 597 694 esse
613 649 717 693 carnes
738 633 820 711 ipsas
843 652 854 693 s
880 630 984 714 epulas
1007 635 1176 700 interdictos

171 736 229 780 csse
249 718 364 800 pisces,
391 717 519 796 odebqne
549 725 709 796 utrumque
731 715 821 778 simul
841 715 976 779 adhiberi
999 737 1060 779 non
1078 737 1176 799 posse.

171 802 305 867 Piscibus
327 812 426 865 tamen
443 802 561 865 edendis
583 820 644 863 non
666 801 939 876 interdicuntnrii,
959 803 1066 883 qulbus
1087 803 1180 866 datur

173 889 287 949 loretum
300 887 429 969 fawltos
448 885 608 949 adhibendi
621 904 677 948 ova
700 894 728 946 et
745 885 906 947 lacticinia.

138 996 140 1007 ·
210 975 248 1032 V.
265 975 312 1033 An
335 969 562 1053 praeceptumde
583 977 708 1051 utroque
727 965 883 1050 epularum
899 987 1002 1114 penore
1024 987 1087 1032 uon
1106 972 1178 1035 οηὶε-

172 1055 259 1116 recido
270 1101 279 1128 ,
289 1055 350 1117 dies
368 1072 481 1138 qnoque
494 1053 654 1116 dominicos
673 1052 903 1133 quadrupesima
915 1072 944 1115 cs
954 1051 1182 1135 complectatur?

174 1142 345 1201 Allirmotur
359 1137 518 1221 conplecti.
805 1141 812 1163 ¹

212 1229 262 1286 Vl.
280 1230 385 1288 lltrecru
400 1226 460 1287 lucc
479 1225 526 1287 lec
541 1223 583 1287 ad
597 1243 644 1287 eos
657 1243 770 1305 qnoque
782 1224 946 1307 pertineat,
967 1226 1022 1306 qni
1033 1245 1069 1288 erc
1085 1225 1179 1291 Bulla

176 1312 320 1373 Cruciatur
331 1309 411 1372 edere
419 1320 543 1392 possunt
554 1329 629 1382 aaa,
643 1320 671 1370 et
683 1309 857 1370 lacticinia?

212 1397 409 1456 Rescribimus
436 1418 445 1456 ε
469 1393 555 1457 Nibil
580 1393 613 1456 in
634 1395 848 1476 prccreecntiatis
869 1395 980 1456 nostris
1007 1395 1182 1478 Apostolicr‘s

173 1481 291 1559 litteris
314 1488 458 1542 statutum
485 1499 565 1553 csse,
590 1478 669 1561 qnod
689 1479 825 1561 respiciat
847 1480 1009 1559 proliacum
1036 1479 1185 1541 cinciaco

162 1565 324 1646 Diplorna.
353 1567 451 1646 Quare
477 1566 531 1646 qui
545 1583 577 1626 eo
596 1562 745 1644 pandent,
767 1560 851 1623 illins
870 1571 996 1625 tenorent
1014 1564 1132 1637 stricte,
1152 1573 1182 1624 et

173 1649 351 1710 considerati
369 1648 571 1732 perpendant,
587 1667 623 1708 ex
643 1646 764 1727 ejusque
782 1654 971 1708 sententiose
990 1656 1106 1730 perant.
1123 1651 1179 1710 Ca·

174 1742 261 1792 recent
275 1743 391 1803 auteur,
406 1751 443 1793 ne
458 1732 547 1792 inani
558 1737 618 1811 pud
642 1734 702 1792 iarn
716 1730 901 1793 excusatione
917 1748 976 1794 sese
990 1731 1100 1794 solutos
1120 1751 1190 1794 esse

175 1816 355 1877 arbitrentur
367 1815 547 1899 praescriptis
557 1815 601 1876 lbi
616 1751 737 1895 lipibus.

214 1903 278 1960 Vll.
304 1903 411 1962 lltrdm
427 1908 590 1961 meinorato
616 1897 675 1960 dcto
697 1906 843 1980 praeapte
862 1906 988 1982 urpcant
1001 1907 1085 1962 entra
1100 1903 1184 1978 Qua·

176 1983 398 2064 clrapesimancl
426 2059 430 2064 .

215 2074 420 2150 Respondetur
447 2093 456 2131 ε
491 2074 595 2152 llrpcre
619 2078 705 2132 cntra
736 2066 999 2150 chodrapcsimam
1024 2080 1185 2156 utrumque

173 2166 379 2237 proseptum:
402 2154 479 2217 illud
508 2156 614 2218 scilicet
639 2156 735 2216 urticae
757 2151 938 2215 collocutionis
962 2174 1029 2216 curn
1061 2157 1182 2239 reliquis

176 2238 287 2317 lepibus
312 2242 345 2300 in
366 2239 507 2315 serrendo,
528 2247 556 2300 el
576 2237 660 2300 lertio
680 2239 721 2298 ad
740 2237 799 2298 baec
817 2234 967 2316 postulato
981 2256 1116 2319 responso
1131 2260 1185 2301 ex-

119 2385 125 2392 ,
176 2320 283 2401 pressis
304 2331 360 2383 :et
376 2320 501 2385 alterurn
519 2322 580 2385 nou
599 2321 795 2405 percuiscendi
811 2318 913 2400 epulas
934 2319 1030 2383 licitos
1048 2342 1114 2384 cnm
1132 2325 1182 2386 in·

178 2404 321 2480 tentaris,
341 2409 427 2469 utin
446 2416 553 2488 quarto
574 2406 724 2489 postulato
742 2405 895 2485 definitum
915 2416 967 2468 est.

215 2490 333 2570 Habes,
359 2491 533 2556 venerabilis
554 2496 676 2570 Frater,
700 2491 818 2573 penitis
835 2491 1015 2572 explicatum
1037 2494 1186 2576 quidquid

110 2618 112 2622 -
177 2574 259 2656 apud
273 2594 323 2638 aas
340 2596 377 2639 eor
392 2578 503 2639 nostris
532 2577 642 2656 scopiics
664 2576 844 2657 nuncupatis
873 2575 1047 2657 Apostolicis
1059 2577 1183 2641 Litteris

176 2659 388 2724 dubitationem
409 2659 542 2723 attulisse
560 2660 674 2723 scribis.
691 2662 759 2735 Qua
777 2659 894 2739 quidem
906 2660 940 2720 in
950 2679 982 2721 re
996 2659 1185 2724 loudooineus

176 2744 332 2825 consilium
352 2756 437 2809 tuncne
461 2745 679 2826 interropandae
695 2762 838 2825 supremae
860 2748 1003 2808 Romana
1023 2744 1108 2808 Sedis
1124 2792 1132 2821 ,
1148 2755 1186 2807 ut

177 2824 290 2906 libero,
308 2839 337 2891 ct
357 2849 418 2891 non
434 2828 590 2891 vacillanti
606 2847 709 2912 pressu-
732 2827 773 2888 nd
792 2846 857 2889 ores
872 2834 950 2890 send
972 2830 1108 2892 doctrind
1127 2831 1185 2891 iru-

178 2909 307 2975 baendas
334 2912 463 2976 incedere
482 2921 615 2995 pastores
642 2920 754 2991 queant
772 2936 783 2972 .-
799 2912 833 2974 in
854 2912 966 2993 istoque
984 2923 1036 2975 tuo
1054 2923 1185 2995 sccscepto

177 2995 299 3058 eonsib'o
326 2998 499 3078 apnovinens
519 2999 688 3076 Hispanam
700 2994 887 3077 relipioncru,
907 2996 985 3059 nillil
1000 2998 1190 3072 cibitatum,

177 3079 239 3140 ru'si
246 3083 264 3141 b
276 3080 339 3141 diei
351 3082 434 3141 Petri
449 3078 594 3141 Calbcdra
617 3088 766 3161 accepturu
782 3090 988 3162 reputantem,-
1009 3101 1069 3161 qua
1087 3081 1187 3164 splen·

177 3164 332 3228 dtdnsiccc
343 3162 440 3247 plocio
458 3172 575 3225 tanturn
595 3181 724 3236 nomen,
739 3174 767 3227 et
783 3167 961 3249 incorrupta
975 3164 1046 3247 'fidei
1055 3166 1188 3247 [ructuat

176 3250 327 3333 Hispania
359 3248 418 3310 sibi
435 3253 561 3330 peperit.
593 3248 764 3310 Cauendum
791 3259 890 3311 autern
909 3250 991 3313 vobis
1019 3258 1062 3312 est
1088 3249 1187 3332 (idque

175 3333 338 3416 plurimum
363 3332 403 3394 ad
424 3342 450 3393 te
481 3333 632 3414 pertinet,
660 3335 715 3414 qui
745 3332 871 3396 illustris
898 3332 1114 3416 Arcbicpiscopi
1126 3380 1137 3411 ,
1160 3343 1188 3395 et

177 3417 370 3499 Inquisitoris
384 3419 463 3499 peris
481 3417 664 3498 proecipuum
686 3418 807 3497 cunnus)
817 3438 853 3479 ne
863 3417 897 3478 in
908 3418 1104 3500 expendendis
1116 3437 1190 3499 opo-

177 3501 286 3563 stolicoe
305 3501 389 3563 Sedis
411 3501 670 3564 constitutionibus
685 3521 751 3583 pra
773 3503 869 3563 crinein
885 3501 1081 3564 erbaccriendi
1098 3521 1189 3581 orpu-

176 3585 268 3643 nrcnti
283 3582 480 3649 sollicitudine
509 3584 610 3647 nullas
642 3585 704 3664 fiat
741 3585 930 3661 disserendi,
966 3583 1193 3667 ombtpeadtpce
1237 3638 1242 3647 .
