2642 4150
178 201 217 262 to
373 199 418 258 Dc
432 211 623 258 centenorum
640 197 758 278 Pontis.
779 161 986 274 decorticata.

179 301 244 363 illas
264 303 316 362 aut
335 298 537 377 conjunctim,
558 307 609 359 aut
629 298 747 360 divisim
762 300 913 375 docuerit,
926 299 1106 377 defenderit,
1122 304 1186 366 edi-

179 385 278 459 derit,
297 394 350 445 aut
368 384 406 445 de
424 383 466 443 eis
487 384 577 443 etiam
599 383 794 463 disputative,
817 384 952 465 publici,
971 394 1022 447 aut
1045 387 1186 466 privatim

180 468 369 543 tractaverit,
389 468 447 528 nisi
469 467 568 528 forsan
589 468 810 547 impugnando,
836 471 900 548 ipso
922 470 999 532 lacto
1019 470 1129 533 incidat
1152 473 1186 533 in

180 552 537 626 excommunicationem,
552 551 637 630 iqua
655 570 716 612 non
730 553 821 631 possit
840 552 1049 633 (praeterquam
1064 554 1096 625 in
1115 556 1187 615 arti-

179 639 246 699 culo
266 635 382 714 mortis)
405 636 442 697 ab
462 636 537 710 alio,
559 636 744 714 quicumque
763 637 853 698 etiam
872 639 1016 714 dignitate
1036 638 1184 718 fulgente,

180 722 237 782 nisi
259 720 347 800 ipro
364 729 497 793 tempore
513 722 655 782 existente
669 723 801 781 Romano
818 721 978 797 Pontifice,
991 721 1112 785 absolvi.

214 807 345 905 lnspper
354 802 530 865 districtim
541 805 651 865 virtute
664 813 769 866 sanctae
781 806 972 879 obedientie,
983 813 1013 866 et
1027 806 1102 866 sub
1095 815 1204 885 tuter·-

179 890 342 950 minatione
369 889 463 949 divini
486 889 590 968 judicii
615 887 752 967 probibet
773 890 911 951 omnibus
925 850 1033 952 Christi
1049 890 1187 992 fidelibus

179 1067 210 1118 et
229 1058 447 1137 specialissima
461 1058 531 1119 noti
555 1058 673 1155 dignis,
696 1075 734 1117 ne
757 1058 910 1136 predictas
932 1059 1109 1138 opiniones,
1134 1069 1187 1122 aut

179 1142 338 1222 aliquam
328 1160 460 1221 ipsarum
479 1143 516 1203 ad
535 1143 651 1222 praxim
672 1140 827 1203 deducant.

537 1329 831 1391 ruorostttotttts

346 1519 485 1565 narraras
501 1518 519 1560 ι
536 1517 577 1562 ss.
598 1518 630 1560 u.
645 1517 812 1562 ruuoccarro
831 1519 900 1561 riri
919 1519 960 1562 xi.
977 1500 1031 1579 (li.
1131 1478 1135 1489 ⁴

459 1676 550 1739 Ferte
565 1677 583 1738 t
598 1674 646 1739 dic
658 1678 678 1738 2
692 1674 803 1739 Martii
818 1677 905 1739 16711.

218 1859 249 1919 1.
268 1857 335 1921 Non
355 1864 399 1917 est
416 1854 553 1915 illicitum
565 1853 597 1914 in
615 1854 805 1915 sacramentis
822 1852 1006 1919 conterendis
1021 1856 1104 1935 sequi
1121 1859 1186 1937 opi·

179 1942 302 2003 aionem
325 1940 511 2019 probabilem
532 1938 570 1999 de
591 1939 691 2000 valore
713 1940 906 2013 sacramenti,
926 1938 1029 2002 relicti
1051 1940 1183 2014 tutiore,

179 2026 236 2086 nisi
258 2024 289 2086 id
314 2032 393 2087 vetet
414 2025 484 2098 lex,
506 2024 684 2097 conventio,
706 2031 758 2082 aut
780 2022 946 2101 periculum
966 2024 1064 2102 gravis
1083 2025 1186 2086 damni

179 2110 362 2171 incurrendi.
386 2110 461 2170 ilinc
482 2109 626 2169 sententia
651 2108 797 2188 probabili
818 2107 936 2169 tantiam
956 2108 1101 2170 utendum
1123 2128 1185 2171 non

178 2204 223 2254 est
247 2194 280 2255 in
302 2194 458 2255 collatione
483 2191 646 2271 baptismi,
671 2191 785 2255 ordinis
808 2192 1018 2269 sacerdotalis,
1043 2194 1185 2272 autepi-

98 2307 101 2312 ·
178 2278 309 2356 scopalis.

216 2364 247 2423 2
262 2360 458 2424 Probabiliter
470 2359 605 2421 exosumo
615 2358 768 2436 ,judicem
781 2377 865 2438 posse
875 2360 1009 2440 iudicare
1017 2358 1102 2439 juxta
1113 2364 1188 2442 opi
1203 2381 1204 2384 ¹
1318 2349 1319 2352 ’

178 2445 299 2507 nionem
320 2446 410 2505 etiam
430 2442 529 2506 minias
547 2404 741 2522 probabilem.

217 2530 247 2589 5.
275 2529 468 2602 Generatim,
495 2526 569 2588 dum
595 2528 803 2607 probabilitate
830 2529 891 2589 sire
916 2529 1097 2601 intrinseci,
1122 2530 1204 2591 sivo

176 2613 339 2675 extrinseci
349 2612 562 2692 ,quantumvis
581 2615 683 2684 tenui,
706 2613 796 2674 modd
811 2612 829 2674 1
844 2614 1059 2692 probabilitatis
1073 2614 1183 2678 tinibus

177 2695 1181 2778 nonexeatur,coufis1aquu1dagimus,semperprudentcragimus.

214 2784 246 2842 l.
259 2782 304 2842 to
316 2780 490 2842 infidelitate
503 2781 690 2844 excusabitur
703 2781 832 2843 infidelis
846 2798 909 2842 non
924 2781 1064 2855 credens,
1076 2782 1182 2843 ductus

115 2903 119 2908 »
178 2866 316 2945 opinione
334 2861 434 2925 minus
452 2864 612 2943 probabili.

216 2951 247 3009 b.
262 2950 308 3009 Au
325 2955 424 3026 peccet
444 2948 628 3023 mortaliter,
648 2949 701 3027 qui
720 2958 819 3011 actum
841 2950 1007 3012 dilectionis
1021 2950 1074 3009 Dei
1090 2950 1182 3014 semel

175 3029 292 3093 tautdm
313 3031 346 3093 iu
365 3032 424 3092 vita
442 3031 579 3107 eliceret,
599 3034 796 3095 condemnare
814 3053 876 3097 non
897 3035 1050 3095 audemus.
1150 3068 1153 3074 ‚
1189 3061 1192 3068 ·

215 3118 246 3178 a.
265 3115 419 3177 Probabile
435 3125 498 3189 est,
518 3134 557 3177 ne
577 3118 700 3197 singulis
718 3119 838 3196 quidem
861 3116 994 3197 rigorose
1012 3117 1194 3195 quinquen?

176 3201 235 3263 niis
252 3216 306 3279 per
322 3216 354 3261 se
372 3199 502 3281 obligare
520 3212 700 3281 praeceptum
714 3201 865 3264 charitatis
883 3219 952 3280 erga
967 3203 1074 3262 Deum.

203 3358 238 3417 (t)
248 3356 356 3404 Summus
366 3357 473 3406 Pontilex
483 3359 566 3406 statuit
579 3366 604 3406 et
620 3359 727 3406 decrerit
739 3366 864 3421 sequentes
879 3359 1048 3422 propositiones
1059 3366 1083 3405 et
1099 3372 1183 3405 unam·

176 3436 294 3483 quamue
309 3423 428 3484 ipsarum,
443 3425 506 3470 dont
519 3423 615 3481 jacent,
631 3432 659 3469 ut
678 3425 798 3472 minimum
816 3434 928 3486 tanquam
947 3424 1095 3472 scandalosas
1113 3432 1138 3470 et
1156 3425 1180 3468 in

176 3490 404 3612 magonciacus
423 3502 476 3536 ease
490 3488 631 3538 damnandas
648 3498 674 3538 et
696 3490 871 3551 probibendus,
888 3493 958 3585 sicuti
976 3505 1016 3537 eas
1038 3490 1133 3537 damnat
1156 3495 1182 3533 et

958 3619 1023 3667 Edit.
