2642 4150
332 138 379 197 De
392 135 585 215 prohibitione
599 133 751 197 libroruin.
770 137 867 216 Caput
880 139 939 197 lit.
1078 143 1134 199 stt

131 236 182 312 tio,
203 243 231 296 et
253 235 468 312 approbatione
483 236 733 305 ¹Ordinnriarum‚
758 237 805 294 vet
825 237 1057 313 inquisiturum,
1076 241 1131 297 sub

129 337 207 396 poeuu
225 318 391 378 amissionis
414 319 578 387 librorum,
594 326 624 377 et
639 320 858 394 suspensionis,
873 339 906 377 uc
931 325 1133 382 excommuni-

107 399 247 463 'attonis
269 420 325 479 pro
348 402 531 477 editoribus,
553 404 606 479 qui
627 404 650 459 si
678 403 708 461 in
729 405 1032 463 excommunicatione
1054 406 1132 465 ultre

60 477 65 488 ’
129 504 239 545 annum
253 487 489 563 permanserint,
505 495 593 545 erunt
608 488 715 544 acriter
733 486 887 563 puniendi.
901 490 937 547 Et
951 488 1131 557 notandum,

128 568 205 643 qobd
231 569 349 645 prestita
373 571 543 630 constitutio
565 571 670 630 Leonis
686 569 747 646 jum
768 571 917 646 reperitur
941 573 1075 630 adnotate
1100 572 1132 630 in

126 650 263 710 Archivio
289 652 377 727 regie
390 651 602 727 jurisdictionis
626 654 656 711 in
682 671 771 729 regno
794 655 1005 731 Neapolitano,
1030 664 1064 714 ut
1085 672 1132 712 re·

127 731 439 878 {prttpaptbalomoeas
473 732 703 811 Cltioecarellns,
725 736 843 797 Archiv.
867 734 939 815 itep.
967 735 1084 798 Jarisd.
1109 744 1130 795 t.

166 858 174 876 .
202 836 235 877 a.
273 858 281 875 .

534 986 654 1045 CAPUT
669 988 722 1045 111.

128 1153 262 1230 Fusiis
279 1151 508 1242 ostenditur,
532 1153 703 1227 Ecclesia
726 1153 952 1255 praecipuum
983 1166 1020 1232 et
1042 1183 1130 1259 pro·

174 1261 298 1361 prium
322 1284 464 1357 semper
480 1258 589 1331 inisse
607 1260 720 1333 libros
738 1261 851 1334 malos
878 1264 1101 1361 proscribere
1117 1297 1127 1353 3

174 1374 211 1438 et
237 1362 449 1462 hujusmodi
465 1362 761 1462 jurisdictionem
780 1389 921 1466 semper
933 1366 1129 1441 Ecclesiam

178 1492 393 1543 exercuisse.

130 1679 135 1687 ·
163 1657 188 1716 i.
204 1653 316 1713 Secula
336 1653 385 1712 tv.
408 1653 570 1712 Concilium
584 1653 736 1714 Nicaenum
760 1672 837 1714 anno
850 1655 918 1715 3⁶25.
941 1654 1010 1716 Arii
1025 1658 1131 1735 scripta

126 1739 295 1813 damnarit3
308 1735 465 1817 Nicephor.
479 1739 558 1797 Hist.
572 1734 593 1796 l.
609 1740 638 1798 8.
657 1758 682 1797 e.
698 1740 745 1798 ts.
760 1750 789 1799 ct
801 1738 908 1799 deiude
921 1740 1132 1803 Constantinus

126 1822 266 1900 praecepit
283 1829 379 1879 morte
402 1819 536 1879 mulctari
556 1865 564 1891 ,
584 1823 634 1898 qui
657 1823 768 1882 librum
778 1826 905 1901 aliquem
926 1824 962 1882 ab
974 1825 1045 1884 Ario
1063 1845 1132 1885 con-

125 1904 348 1965 iectumstetim
367 1921 427 1962 non
446 1904 607 1978 attulisset3
624 1906 702 1981 apud
726 1908 837 1966 Socrat.
859 1908 937 1966 Hist.
954 1902 975 1966 l.
1001 1910 1030 1966 i.
1053 1927 1077 1968 a.
1100 1911 1133 1968 6.

126 1991 231 2049 Patres
262 1988 350 2047 etiam
378 1987 605 2065 pseudoconeilii
636 1991 667 2048 in
700 1992 778 2067 Tyro
815 1992 889 2049 circu
920 2008 1031 2050 annum
1063 1995 1130 2052 ste.

124 2069 305 2134 Marcellum
323 2074 514 2151 ,iatcpranurn
535 2071 600 2133 idei)
616 2075 844 2152 deposuerunt,
879 2075 947 2151 quia
979 2078 1133 2137 sententie

124 2156 325 2216 damnationis
338 2174 459 2215 suorum
476 2156 620 2216 librorum
640 2159 737 2216 naluit
758 2159 964 2235 acquiescere,
988 2175 1041 2217 nec
1066 2159 1132 2220 ittos

124 2242 186 2319 igni
200 2240 328 2299 tradere.
342 2241 471 2298 Socratas
488 2238 558 2299 ibid.
579 2239 756 2321 Theophilus
774 2242 956 2302 Alexandriae
976 2244 1133 2320 Episcopus

124 2341 204 2382 enno
227 2323 296 2381 585.
315 2322 374 2380 tait
393 2323 526 2398 primus,
547 2326 597 2400 qui
615 2325 705 2384 libras
725 2325 861 2404 Oripenis
876 2326 1026 2385 damnavit
1040 2370 1048 2397 ,
1063 2344 1132 2402 pro·

123 2407 307 2482 hibuitque,
324 2423 361 2463 ne
383 2405 428 2462 soi
449 2404 514 2464 illos
535 2407 688 2482 tegerent,
703 2410 739 2465 de
755 2428 813 2484 quo
827 2426 894 2468 eum
913 2418 1012 2485 postea
1027 2409 1133 2470 Hiero·

124 2508 261 2571 nymus,
290 2486 500 2568 Epiphanius,
521 2499 548 2548 et
564 2494 716 2549 Daunus-us
741 2493 815 2567 Papa
837 2492 922 2548 valde
947 2495 1133 2551 commandi-

122 2583 211 2634 runt.
231 2572 270 2632 tu
283 2571 351 2631 elim
363 2571 596 2651 Oripenisaperu
614 2590 706 2649 usquc
726 2581 797 2631 tuna
819 2572 928 2647 ubique
941 2591 1008 2630 cum
1028 2573 1131 2649 plausu

123 2659 259 2736 perlecta
278 2655 422 2727 tuissent,
446 2657 567 2732 quidam
588 2654 724 2716 monachi
748 2657 779 2715 in
802 2655 953 2713 Palaestina
977 2655 1130 2730 dicebant,

124 2751 227 2801 errata
250 2740 274 2798 si
291 2759 357 2816 qum
380 2741 410 2798 in
433 2741 518 2800 libris
541 2742 774 2815 invenirentur,
802 2740 851 2798 illa
875 2757 910 2799 ex
929 2740 1024 2798 alicua
1044 2759 1133 2802 mnnu

123 2827 158 2884 in
171 2824 283 2897 scripte
296 2822 430 2900 Oripenis
441 2824 590 2901 irrepsisse
601 2846 609 2899 3
619 2824 688 2883 hinc
698 2824 911 2883 contendebant
921 2868 931 2899 ,
943 2842 1002 2883 non
1015 2836 1134 2904 propter

124 2909 179 2968 iila
206 2906 297 2964 etiam
322 2907 435 2983 reliquo
454 2925 516 2966 esse
539 2907 725 2981 damnanda,
754 2904 930 2986 Theophilus
958 2907 1048 2984 verb,
1079 2910 1142 2971 hac'

123 3008 192 3051 nau
210 2989 363 3059 absume,
384 3000 417 3049 ut
433 2994 521 3051 refert
536 2989 683 3070 Sulpitins
703 2993 847 3066 Seuerus,
870 2989 953 3052 Dial.
968 2995 999 3053 E.
1018 2995 1135 3076 eopebat

123 3072 290 3135 renitentes
318 3089 372 3149 pro
397 3081 538 3152 potestate
559 3082 636 3135 recta
664 3076 754 3136 etiarn
781 3076 920 3136 uniuersa
949 3096 1016 3138 estne
1033 3080 1134 3157 praeis

121 3156 293 3225 damnare,
313 3154 387 3231 qaia
397 3155 472 3217 satis
484 3175 626 3237 superque
643 3157 806 3240 sufficerent
820 3157 889 3220 libri
899 3206 907 3229 ‚
919 3178 991 3240 antas
1004 3161 1134 3221 Ecclesia

122 3238 312 3318 recepisset‚·
341 3237 484 3311 subdens,
517 3243 710 3321 respuendam
743 3261 803 3305 esse
821 3245 938 3323 penitas
964 3238 1132 3309 lectionem,

122 3340 199 3401 qua
225 3321 297 3401 plin
323 3331 397 3383 esset
416 3327 552 3386 nocitum
579 3324 814 3407 insipientibus,
841 3332 930 3406 quom
955 3326 1136 3408 sapientibus

123 3405 307 3485 protutura.
337 3472 340 3476 A
1061 3411 1067 3419 ‘
1102 3422 1105 3427 ’

172 3491 214 3551 n.
230 3491 264 3552 S.
284 3488 475 3569 Epiphanius
495 3492 625 3569 pariter,
647 3503 746 3555 coacto
762 3493 891 3555 Concilio
905 3512 972 3551 cam
986 3486 1135 3565 Episcopis
