2642 4150
167 208 205 272 ι9
359 209 404 269 De
426 226 617 271 romanorum
633 207 750 290 Pontis.
766 209 901 282 decretis,
921 215 973 271 ela.

121 312 123 325 '
202 312 251 372 99.
268 306 334 371 Non
355 308 411 370 nisi
429 304 501 371 lidos
515 309 669 371 oniusllei
683 310 843 371 necessaria
854 304 980 371 ridetur
1001 308 1171 401 necessilate

164 394 272 468 taedii,
291 412 351 455 non
371 405 471 455 autern
490 394 626 472 explicita
642 394 882 456 remuneratoris

200 480 250 541 95.
272 478 357 540 Fides
376 475 434 539 luti
454 479 531 539 dicta
551 480 721 540 testimonio
734 488 955 553 ereaturarum,
967 477 1093 540 similive
1106 495 1172 541 mu·

163 562 224 624 tito
243 564 279 622 ad
297 559 536 641 justificationem
556 561 620 622 ιιι
623 564 674 623 ιιι.

200 649 250 708 rt.
263 650 375 709 Vocare
393 650 488 708 Deum
509 649 540 708 in
559 656 663 707 testem
682 645 827 706 mundarit
847 647 937 717 ieris,
949 663 1009 707 non
1029 657 1073 708 est
1087 652 1169 709 tanta
1191 699 1193 702 ,

163 733 377 807 irreverentia,
402 741 524 812 propiet·
546 749 636 811 qaam
657 731 750 806 velit,
771 738 823 792 aut
843 733 935 810 possit
953 731 1095 809 damnate
1117 731 1172 794 to-

103 874 118 893 ,
163 825 284 879 minem
1161 888 1163 893 ,

184 903 249 971 95.
263 904 338 964 Cum
358 921 443 964 eausa
460 901 576 962 licitum
593 910 638 963 est
649 901 753 979 jurare
765 903 830 963 sine
845 902 944 963 auimo
957 900 1096 980 jurandi,
1106 903 1170 965 sive

163 1003 209 1047 tes
229 987 374 1058 sitietis,
391 989 453 1047 sive
475 988 582 1065 gravis.

199 1073 249 1133 96.
267 1073 297 1133 Si
317 1073 385 1150 quis
404 1073 457 1133 vel
473 1071 569 1170 solus,
589 1072 636 1132 vel
657 1089 756 1132 comm
776 1070 856 1149 aliis,
869 1072 932 1133 sive
953 1072 1166 1151 iuterrogatus,

161 1157 221 1217 siue
240 1157 361 1235 proprii
383 1166 506 1235 sponte,
530 1157 592 1215 sivo
612 1155 803 1217 recreationis
821 1157 924 1226 eausd,
944 1156 1005 1217 sive
1025 1174 1168 1235 quocum·

161 1259 218 1319 que
234 1242 292 1305 alio
310 1243 370 1303 fine
383 1243 482 1319 juret,
496 1258 528 1305 ee
541 1258 600 1300 nun
616 1240 716 1301 iecisse
735 1241 848 1319 aliquid
866 1240 945 1318 quod
963 1239 1065 1303 revera
1078 1243 1165 1316 lecit,

161 1325 354 1404 intelligendo
368 1328 446 1388 intra
460 1344 491 1385 se
501 1323 613 1403 aliquid
632 1325 712 1386 uliud
725 1370 734 1395 ,
745 1326 825 1404 quod
843 1343 903 1385 non
917 1326 1004 1398 lecit,
1019 1324 1065 1385 vel
1077 1327 1165 1388 aliam

161 1411 239 1472 viam
258 1412 296 1473 ab
311 1430 364 1480 ea,
379 1414 409 1472 in
423 1430 480 1489 qua
493 1412 579 1481 lecit,
599 1412 645 1471 vei
660 1410 785 1489 quodvis
800 1411 882 1471 aliud
897 1410 1031 1475 additum
1043 1427 1165 1485 verum,

160 1493 261 1559 reveri
282 1514 343 1556 non
362 1497 527 1571 mentitur,
548 1511 603 1555 nec
621 1503 667 1556 est
686 1494 834 1574 perjurus.

197 1581 246 1640 97.
269 1581 359 1641 Cattsa
379 1580 458 1660 justa
487 1579 590 1640 utendi
612 1578 659 1639 his
683 1577 909 1657 amphibologiis
928 1587 973 1641 est
994 1583 1109 1659 quoties
1132 1584 1165 1645 id

159 1666 374 1743 necessarium,
395 1673 447 1725 aut
469 1665 543 1724 utile
562 1673 606 1723 est
623 1662 660 1722 ad
679 1663 802 1724 salutem
824 1667 976 1743 eorporis,
998 1664 1164 1738 honorem,
1199 1666 1202 1671 ’

159 1767 205 1827 tes
218 1750 375 1810 familiares
387 1749 527 1819 tuendas,
536 1749 583 1809 vel
596 1748 633 1808 ad
648 1748 810 1826 quemlibet
819 1749 909 1808 alitam
920 1751 1038 1811 virtutis
1049 1760 1165 1827 aetum,

159 1833 199 1894 ita
213 1844 246 1893 ut
259 1835 391 1894 veritatis
401 1833 556 1894 occultatio
569 1842 807 1892 censeaturnuue
815 1832 972 1912 expediens
981 1845 1011 1896 ei
1020 1836 1163 1898 studiosa.

195 1918 245 1980 98.
260 1918 317 1992 Qui
339 1919 486 1980 mediante
509 1917 783 1986 commendatione,
801 1918 849 1977 sel
871 1936 995 1979 munere
1013 1919 1050 1979 ad
1071 1924 1164 2001 magi·

158 2002 515 2073 stratum,teloli1rium
535 2000 686 2098 publicum
712 2011 865 2079 promotus
884 2011 948 2073 est,
968 2004 1077 2082 poterit
1093 2024 1161 2067 cum

159 2077 344 2149 iestrietiono
356 2089 476 2149 mentali
492 2096 630 2165 ptmstare
639 2086 863 2163 juramentum,
882 2087 960 2165 quod
974 2088 1012 2148 de
1026 2090 1165 2174 mandatu

158 2172 270 2250 regiola
290 2174 436 2233 similibus
458 2172 531 2232 solet
551 2173 648 2250 exigi,
670 2188 730 2230 non
753 2168 855 2231 habito
868 2180 1000 2248 respectu
1014 2173 1073 2233 ad'
1065 2183 1163 2235 utten-

158 2257 267 2317 tiunem
285 2259 448 2337 exigentis,
471 2258 545 2336 qa'n
561 2274 622 2316 nen
643 2264 761 2315 tenetur
773 2255 856 2315 lateri
875 2257 986 2315 crimen
1001 2258 1159 2319 or.culturn

195 2343 243 2402 99.
265 2343 378 2420 Urgens
398 2352 494 2403 metus
519 2335 616 2419 gravis
639 2349 684 2401 est
707 2353 792 2400 m
808 2339 887 2418 jusu
911 2351 1160 2407 sacramentorum

157 2425 437 2488 administrationem
457 2424 627 2486 simulandi.

195 2512 243 2573 50.
266 2515 319 2573 Fas
338 2520 382 2572 est
400 2512 465 2572 viro
485 2505 630 2570 honorato
641 2508 798 2569 occidere
790 2526 953 2570 invasorem
965 2554 973 2581 ,
984 2511 1035 2588 qui
1053 2512 1160 2575 nititur

156 2596 332 2657 calumniam
356 2597 482 2664 inlerre,
502 2596 526 2654 si
546 2594 631 2666 aliter
652 2591 724 2666 haec,
738 2594 899 2671 ignominia
922 2594 1009 2654 vitari
1033 2593 1158 2674 nequiit

157 2680 233 2750 idern
253 2699 372 2759 quaque
394 2677 571 2748 dicendum,
590 2677 614 2737 si
633 2678 700 2755 quis
721 2678 863 2755 impingat
877 2677 1007 2756 alapam,
1022 2677 1068 2736 vel
1084 2678 1162 2742 inste

156 2767 316 2842 {sarraliam
330 2775 360 2826 et
378 2774 444 2843 post
464 2766 620 2841 impactam
639 2764 771 2840 alapam,
790 2761 837 2821 ael
850 2762 940 2821 ictum
956 2761 1161 2840 lustis‘lugiat.

193 2850 242 2910 51.
262 2850 446 2927 Regulariter
462 2846 594 2909 occidere
614 2863 734 2925 possum
756 2848 854 2905 turem
869 2863 923 2925 pro
941 2847 1170 2911 conservatione

155 2933 355 2994 uniusaurei.

191 3019 241 3078 59.
262 3019 328 3080 Nun
350 3014 445 3077 solilm
468 3015 583 3076 licitum
599 3025 643 3079 est
661 3015 819 3092 detondere
837 3014 1005 3076 defensione
1017 3016 1158 3092 oeeisivd,

154 3118 219 3182 qum
235 3111 300 3163 actu
319 3101 517 3181 possidemus,
530 3101 580 3161 sed
593 3103 682 3162 etiam
696 3101 731 3161 ad
743 3120 809 3178 qua
820 3098 869 3177 jus
882 3088 1053 3160 inchoatum
1068 3097 1162 3164 habe

156 3205 240 3257 mus,
259 3197 289 3248 et
308 3205 374 3264 qum
389 3204 443 3246 nos
460 3204 641 3264 possessuras
656 3201 819 3286 speramus.

192 3273 241 3333 55.
267 3272 391 3331 licitum
416 3280 460 3331 est
482 3281 541 3330 tam
565 3269 689 3337 heredi,
712 3268 799 3346 quiam
826 3265 966 3348 legatario
988 3278 1090 3331 eontra
1112 3271 1160 3334 in-

152 3355 230 3436 juste
243 3355 470 3435 impedientem,
488 3355 587 3414 nevel
608 3353 754 3414 hereditas
770 3352 910 3424 adeatur,
923 3354 969 3412 vel
989 3355 1081 3432 legata
1100 3357 1164 3417 sol-

155 3452 273 3513 vantnr‚
292 3459 322 3499 se
340 3441 437 3500 taliter
458 3438 636 3514 delender03
654 3440 730 3498 sicut
748 3448 778 3497 et
794 3437 844 3515 jus
857 3437 989 3520 'habenti
1006 3440 1038 3498 in
1060 3439 1162 3500 cattio-

154 3526 264 3665 immi·
280 3522 537 3665 velnnraebmdam
560 3532 664 3583 eontra
688 3540 792 3583 carum
816 3523 1025 3599 passessionem
1044 3515 1154 3593 injuste

200 3623 235 3678 pc
257 3625 330 3666 teate
363 3651 371 3664 .
