2642 4150
187 188 226 250 di
391 188 436 250 De
454 199 644 249 cottianorum
662 180 779 265 Pontif.
792 181 928 257 decretis,
941 186 993 246 ete.

187 314 201 341 a
225 293 396 367 protentos,
416 285 545 348 suminis
571 285 806 363 quibuscumque
830 271 946 344 aditum
966 284 1189 366 ingressumque

188 398 202 426 a
226 381 288 432 tam
311 369 464 432 manifeste
481 389 515 430 ac
538 353 619 430 {anta
639 369 825 429 solemnitate
847 368 972 429 vetitum
992 373 1190 449 permittunt;

188 480 203 510 a
226 456 276 516 ulii
288 454 359 518 verb
371 454 534 533 privilegio,
545 452 680 525 indulta,
693 453 912 531 praerogativas,
924 452 1084 527 facultates,
1098 457 1191 517 licen·

186 563 202 596 a
227 540 304 611 tias,
327 547 358 599 et
380 537 452 598 alias
470 553 658 616 quocumque
683 543 769 614 pacto
792 537 969 614 excogitatas
992 540 1192 600 conoessioaes

187 646 201 677 a
226 623 284 683 sibi
302 622 365 683 sive
375 620 397 682 d
413 619 501 698 jure,
516 620 579 681 sive
591 620 630 696 ab
649 618 774 680 bomine
790 619 880 680 lactas
894 626 925 680 ct
938 620 1120 698 impertitos,
1137 641 1191 685 scu

184 731 203 760 ³·
225 708 300 768 lacte
318 714 349 767 ct
367 705 539 783 impertita,
558 721 592 765 ac
610 720 869 781 quorumcumque
891 720 1073 777 munerum,
1092 705 1193 784 digni·

183 814 202 845 s
227 799 342 863 tatum,
367 807 400 849 ac
422 787 714 868 preeminentiarum
741 787 858 848 ratione
882 786 994 848 debitas
1017 805 1070 850 seu
1093 788 1193 851 debita

182 899 202 928 a
226 880 416 952 arrogantes,
436 871 652 948 praetendentes
671 869 943 948 obtendentesque,
956 870 1090 932 foeminas
1104 890 1192 951 quas-

187 982 202 1012 a
226 959 300 1019 libet
316 958 396 1017 intra
415 954 661 1015 monasteriorum
682 933 828 1025 claustra,
844 964 946 1033 septa,
962 956 1108 1016 caenaculo
1120 998 1129 1028 ,
1143 975 1193 1017 cu·

187 1066 202 1097 o
227 1040 346 1112 bicula,
373 1039 501 1116 aliasque
524 1036 653 1099 officinas
676 1046 728 1096 aut
750 1036 867 1097 admitti
893 1056 926 1097 ac
950 1038 1043 1117 recipi
1064 1040 1193 1116 sinunt,
1225 1070 1233 1088 ν
1265 1114 1267 1116 μ

187 1148 203 1180 ιι
227 1124 449 1202 mandantque,
471 1130 523 1181 aut
549 1119 607 1180 und
633 1137 733 1179 seeum
757 1119 891 1196 ducunt3
907 1120 958 1182 alii
983 1121 1111 1200 denique
1134 1126 1190 1184 sub

188 1232 203 1262 a
225 1209 343 1288 pietatis
352 1227 384 1268 ac
394 1203 544 1285 religionis
553 1210 698 1284 pretextu
709 1248 717 1274 ‚
727 1202 795 1263 edm
809 1204 1036 1283 supplicationes
1048 1208 1110 1266 sive
1122 1225 1190 1268 cunr

190 1317 204 1347 a
227 1293 410 1354 sanctissimo
425 1287 615 1352 Eucharistiae
630 1296 811 1348 sacramento
825 1331 833 1358 ,
848 1289 909 1350 sive
932 1306 1000 1348 crim
1022 1299 1192 1352 sanctorum

190 1401 203 1430 a
228 1385 452 1451 sanctarumque
472 1371 615 1450 reliquis,
637 1372 761 1441 statuis,
783 1379 814 1430 ct
837 1370 1015 1449 imaginibus
1038 1390 1093 1450 per
1112 1374 1192 1436 clau-

189 1483 204 1512 »
228 1468 314 1532 stre,
339 1465 447 1537 septa,
472 1464 503 1518 et
528 1455 584 1515 alia
608 1454 856 1515 monasteriorum
879 1455 940 1514 loca
964 1454 1002 1514 dc
1023 1474 1131 1528 more,
1158 1466 1192 1518 ut

189 1566 204 1595 a
228 1550 380 1614 asserunt,
394 1539 563 1611 habentur,
580 1537 644 1597 siue
655 1538 718 1596 ullo
733 1535 853 1615 prorsuis
868 1536 1037 1598 discrimine
1050 1541 1193 1599 muscidos

189 1652 209 1704 a
231 1638 261 1688 et
275 1627 408 1687 immines
421 1621 647 1702 supplicationes
666 1619 836 1697 hujusmodi
853 1622 1018 1699 peneadem
1034 1622 1095 1681 loca
1107 1625 1192 1701 sequi

190 1734 204 1765 a
227 1720 257 1784 ct
280 1710 413 1769 comitari
440 1709 576 1779 licitum,
605 1705 679 1783 quin
703 1704 782 1774 irad,
804 1712 839 1764 ut
862 1705 1063 1783 Indulgentias
1082 1707 1192 1770 lucrari

189 1819 203 1850 a
228 1796 361 1866 valcant,
382 1792 578 1852 necessarium
604 1806 666 1849 csse
691 1787 869 1850 obtendunt.
892 1814 906 1842 n
931 1792 1005 1850 llinc
1025 1800 1087 1864 cst,
1110 1790 1192 1870 quod

189 1867 262 1954 nos,
278 1878 353 1956 qui,
372 1875 444 1936 dum
466 1875 498 1935 in
523 1872 690 1933 minoribus
708 1890 856 1948 essemus,
882 1873 1115 1951 quamplurimos
1134 1873 1191 1934 bu-

186 1960 318 2040 jusmodi
336 1959 444 2020 abusus
457 1965 622 2036 compertos
635 1956 832 2028 habebamus,
846 1958 877 2023 ia
896 1955 950 2017 hac
961 1958 1080 2017 sublimi
1092 1975 1193 2020 sacro-

187 2046 280 2106 sancti
301 2041 486 2125 Apostolatirs
504 2040 620 2120 specula
634 2041 808 2115 constituti,
820 2056 881 2101 non
900 2048 960 2100 tam
979 2041 1102 2102 assiduis
1115 2059 1192 2103 ncn-

188 2129 341 2192 nullorum
353 2129 478 2189 aliarum
493 2126 687 2187 Ecclesiarum
701 2124 875 2187 Antistltum
888 2122 1087 2196 documentis,
1101 2127 1191 2206 quina

186 2212 275 2291 justis
294 2214 382 2273 ctiam
403 2210 614 2289 superiorum,
633 2209 819 2285 aliorumque
838 2209 971 2269 virorum
990 2228 1026 2269 cu
1047 2211 1193 2288 religiosis

187 2296 344 2358 ordinibus
362 2295 416 2355 Dei
438 2291 603 2370 honorem,
626 2301 658 2352 et
678 2293 805 2352 instituti
824 2292 870 2352 sui
893 2292 1075 2373 disciplinam
1093 2297 1193 2355 zelan-

187 2380 264 2443 tium
286 2376 569 2457 expostulationibus
588 2375 626 2436 dc
650 2375 806 2436 antedictis
827 2376 1030 2455 similibusque
1052 2378 1192 2438 abusibus

188 2464 222 2523 in
234 2462 296 2522 dies
308 2462 521 2532 admonemur,
535 2469 569 2519 ut
587 2468 791 2538 opportunum
810 2477 844 2519 ac
863 2462 988 2520 salutare
1003 2460 1107 2521 iisdem
1117 2463 1192 2522 aba·

181 2542 268 2608 sibus
281 2539 437 2616 tollendis,
451 2541 594 2621 quantum
611 2562 680 2602 cum
697 2543 824 2605 Domino
837 2561 1010 2621 possumus,
1024 2546 1191 2609 remedium

178 2630 342 2691 aderamus
352 2650 362 2706 ς
374 2629 546 2688 auctoritate
559 2627 733 2706 apostolici,
747 2634 849 2687 tenore
860 2629 1047 2703 presentium
1057 2629 1191 2706 primum

178 2714 308 2793 ,quidem
332 2729 455 2783 omnes,
478 2719 508 2770 ct
535 2711 663 2787 singulas
686 2708 904 2771 conutitutimws
930 2713 1152 2790 sanctionesque
1173 2712 1191 2777 i

179 2796 325 2860 Jlomauis
336 2792 524 2856 Pontificibus
536 2794 795 2872 praedecessoribus
807 2795 915 2854 nostris
929 2803 989 2854 tam
1002 2804 1086 2870 ante,
1100 2794 1191 2874 quim

180 2890 255 2961 post
270 2878 391 2941 concilii
411 2875 577 2939 Tridentini
600 2878 717 2957 decreta
736 2895 826 2956 super
848 2880 979 2939 clausura
998 2881 1192 2941 monasterie

185 2972 255 3024 sum
263 2978 522 3040 quorumcumque
536 2960 741 3038 religiosorum
752 2962 886 3023 virorum
900 2961 991 3023 editas
1002 2980 1190 3036 renovemus,

187 3053 218 3107 ot
238 3044 464 3128 confictionibus,
483 3062 615 3105 necnon
639 3044 672 3104 in
696 3044 846 3121 posteriim
868 3046 905 3105 ab
922 3045 1059 3106 omnibus
1078 3055 1108 3105 ct
1128 3047 1193 3106 sin·

153 3187 155 3190 ,
186 3130 281 3208 gulis,
302 3128 339 3189 ad
356 3147 431 3208 quos
447 3136 574 3206 spectat,
591 3134 621 3186 et
642 3128 675 3186 in
694 3128 828 3188 futurum
846 3130 1007 3207 spectabit,
1018 3128 1072 3188 sub
1084 3130 1191 3190 iisdem

186 3213 282 3292 poenis
303 3215 335 3272 in
357 3210 617 3273 constitutionibus
640 3211 896 3291 sanctionibusque
919 3212 1091 3273 eorumdem
1114 3232 1193 3291 pre·

186 3296 371 3356 decessorum
394 3304 548 3354 nostorum
565 3295 766 3355 Romanorum
791 3297 989 3368 Pontificum,
1013 3304 1043 3356 et
1063 3295 1193 3356 decretis

186 3379 317 3454 ejusdcm
331 3377 452 3437 concilii
469 3375 606 3437 l'rident.
621 3377 786 3449 contentis,
802 3378 1013 3441 inviolabiliter
1030 3379 1192 3440 observan-

187 3462 238 3519 das
259 3478 319 3519 esse
337 3461 512 3531 statuimus,
533 3460 737 3532 decernimus,
756 3465 963 3542 precipimus,
990 3473 1080 3540 etque
1104 3482 1192 3524 man·

187 3540 298 3605 doinus.
311 3541 424 3606 Deinde
446 3552 528 3604 motu
541 3544 683 3625 proprio,
700 3552 730 3606 ct
746 3562 782 3607 cx
798 3557 877 3609 certa
891 3548 1056 3611 scientiane
1070 3556 1190 3609 matura
