2642 4150
291 170 319 227 '.
406 156 484 215 Pure
499 152 636 214 sectnrda.
656 156 753 232 Caput
765 154 813 213 Η.
1085 157 1122 215 tt

110 255 257 336 pastorale
289 251 422 314 cilicium
444 250 591 313 cumulate
616 252 800 311 obeundum.
827 250 917 311 Vobis
939 251 1048 312 interra
1071 273 1124 330 pa-

112 350 205 401 ternae
227 339 380 400 charitatis
397 346 427 396 et
450 335 665 397 benevolentiis
680 345 784 396 testem
809 336 1000 414 apostolicam
1030 339 1124 397 Rene-

112 425 276 485 dictionem
301 422 503 500 impertimur.

152 511 264 568 Datum
279 508 382 565 Romae
394 503 471 582 apud
486 505 619 567 Sanctam
638 503 761 565 Mariam
781 503 924 581 Maiorem
942 504 991 565 die
1014 506 1051 565 ll
1071 520 1125 565 ne·

114 592 247 654 sembris
270 586 668 650 llll.Pontilicati1snostri
684 604 763 648 anno
780 590 919 650 seeumlo.

536 777 658 836 olaus
679 779 717 837 11.

462 954 724 1034 Dueuu'tttu
749 958 779 1032 l.

225 1152 333 1211 Contra
345 1143 534 1208 sollicitantes
548 1189 557 1216 ‚
573 1153 601 1205 et
622 1143 772 1226 complices
789 1148 899 1225 peccati
919 1149 1024 1229 turpia

154 1340 379 1396 Sacramentum
400 1331 604 1408 poenitentiae,
629 1349 719 1407 quam
741 1334 898 1395 secundam
922 1345 987 1410 post
1009 1337 1126 1395 naulrn·

112 1410 206 1499 glum
223 1415 379 1494 deperditae
395 1415 496 1493 gratie
512 1413 644 1472 tabulam
665 1416 755 1473 sancti
769 1417 869 1475 Patres
889 1414 956 1491 epte
977 1423 1127 1494 artocopu-

116 1511 220 1573 runt‚
247 1518 299 1559 nos
333 1497 399 1559 lieet
437 1498 628 1559 immerentes
652 1498 690 1557 ad
715 1499 844 1556 universi
867 1498 1006 1559 dominici
1033 1502 1128 1579 gregis

117 1605 224 1646 curam
237 1583 360 1662 superni
378 1582 570 1659 dispositione
590 1583 685 1641 vocati
700 1625 713 1653 ‚A
725 1599 813 1641 omne
831 1582 961 1643 studium
982 1594 1011 1644 ct
1032 1595 1129 1662 pasto·

114 1672 214 1733 ralem
245 1667 472 1729 sollicitudinem
500 1665 641 1727 adbibere
669 1676 834 1737 tenemur,
861 1684 924 1737 no,
951 1669 1029 1745 quod
1061 1679 1128 1747 pest

114 1755 257 1814 amissam
272 1749 410 1829 baptismi
425 1750 625 1810 innocentiam
649 1751 751 1813 datum
768 1760 812 1812 est
835 1751 935 1813 divini
948 1753 1128 1831 benignitate

115 1840 312 1918 perfugium,
332 1853 386 1914 per
406 1836 574 1899 daemonum
591 1835 745 1908 fraudem,
762 1846 792 1896 et
816 1837 972 1901 huminum
996 1842 1053 1899 Dei
1076 1841 1127 1899 be·

116 1922 231 1983 neliciis
256 1917 392 1998 perverse
413 1920 559 1979 utentium
587 1921 752 1991 malitiam,
774 1921 988 1996 nault·agis‚ac
1013 1924 1127 1982 miseris

114 2005 321 2086 peccatoribus
339 2004 507 2062 luctuosum
523 2004 624 2062 evadat
642 2005 784 2078 exitium3
803 2013 833 2067 et
857 2004 936 2081 quod
956 2006 988 2063 in
1002 2007 1127 2066 salutem

112 2100 149 2151 ct
166 2091 348 2149 curationem
369 2086 573 2168 animarumi
599 2090 686 2161 Deo,
713 2089 764 2164 qui
784 2090 865 2152 dives
887 2097 931 2148 est
953 2090 985 2148 in
1014 2091 1128 2149 miset-

116 2173 239 2243 eordia,
262 2169 433 2234 institutum
452 2178 518 2250 est,
538 2172 693 2234 execrabili
714 2174 906 2233 scelestorum
929 2174 1129 2249 quorumdem

74 2327 78 2332 ¹
114 2257 304 2338 secerdotum
326 2255 516 2334 improbitate
531 2257 564 2316 in
584 2274 687 2318 earum
710 2261 895 2334 perniciem,
916 2267 1007 2337 atque
1024 2259 1127 2320 iuteri-

115 2354 186 2422 tum
199 2348 343 2404 vertatur.

157 2423 281 2485 Duddm
301 2424 420 2502 quidem
439 2422 456 2482 b
472 2424 522 2483 sel.
536 2443 595 2485 rec.
620 2425 759 2504 Gregorio
775 2427 862 2503 Papa
878 2428 912 2487 X
916 2428 951 2487 V.
969 2428 1129 2505 predeces-

114 2526 188 2569 sore
210 2518 311 2568 nostro
326 2526 380 2585 per
403 2526 470 2566 suas
494 2509 606 2568 litteras
622 2510 656 2566 in
682 2512 776 2567 torma
797 2509 934 2568 Brevium
952 2511 1009 2567 suh
1027 2511 1128 2569 datum

116 2596 223 2652 Romae
243 2592 319 2669 opud
335 2593 366 2650 S.
380 2593 502 2651 Mariam
517 2591 659 2666 Majorem
679 2591 727 2649 die
739 2607 807 2650 xxx.
822 2592 939 2665 augusti
955 2592 1128 2650 Mocxxu.

117 2674 315 2735 Pontificntirs
343 2676 391 2733 sui
422 2692 500 2734 anno
537 2674 696 2744 secundo,
727 2673 873 2747 supienter
896 2672 1046 2748 pransum
1074 2675 1131 2734 fuit

116 2769 227 2820 eontra
245 2776 446 2836 quoscumque
468 2759 631 2820 secerdotes
655 2756 808 2818 audiendis
831 2756 1058 2816 confessionibus
1078 2758 1134 2817 dee

116 2851 242 2924 putatos
255 2885 263 2911 ‚
275 2840 312 2900 ad
330 2845 451 2920 turpia,
471 2850 501 2900 ct
525 2840 678 2901 inhonesta
702 2841 890 2902 sollicitantes
910 2860 918 2898 ε
941 2849 971 2899 ct
994 2839 1131 2922 deinceps

115 2924 291 2986 successivis
303 2923 485 3001 temporibus
494 2925 531 2984 ad
543 2943 644 2986 earum
655 2927 828 2984 >litterarum
841 2925 1135 3002 interpretationem.

115 3028 153 3069 ae
188 3007 416 3070 declarationem
441 3010 531 3085 plura
568 3009 693 3069 subinde
724 3009 741 3069 b
771 3011 1001 3087 congregatione
1030 3031 1128 3074 vener.

116 3095 261 3152 Fratrum
281 3102 449 3152 nostrorum
463 3095 493 3151 S.
512 3095 549 3152 R.
571 3095 604 3152 E.
621 3094 818 3156 Cardinalium
833 3095 889 3153 sub
901 3096 950 3153 die
965 3114 1006 3155 xi.
1022 3099 1132 3158 niensis

114 3173 267 3236 februarii
292 3193 369 3235 anno
389 3176 511 3236 Domini
532 3178 685 3238 MDCLXl.
710 3178 886 3255 prodierunt
908 3179 1043 3252 decreta,
1064 3182 1130 3241 eta

115 3276 181 3317 rec.
202 3274 292 3316 mem.
307 3257 477 3322 Alexandro
495 3262 558 3320 PP.
585 3262 656 3334 Vll.
674 3263 784 3340 pariter
801 3262 1012 3338 predecessore
1023 3272 1137 3322 nostro

116 3344 153 3400 io
165 3342 399 3419 congregatione
409 3344 539 3420 generali
551 3343 601 3404 die
614 3346 662 3405 ll.
677 3345 836 3423 septembr.
854 3348 1020 3405 MDCLXV.
1035 3357 1131 3401 coram

115 3441 157 3483 eo
177 3419 299 3494 habita,
319 3426 397 3484 inter
426 3425 497 3482 alias
516 3426 552 3484 ab
579 3429 744 3507 evangelica
770 3431 893 3488 veritate
915 3435 945 3485 et
966 3433 1133 3482 sanctorum

121 3501 249 3566 Petrum
278 3504 411 3568 doctriua
430 3508 560 3583 alienas,
580 3521 611 3571 et
636 3513 768 3588 dissonas
792 3509 1030 3586 propositiones,
1055 3514 1133 3562 serta
