2642 4150
346 188 392 247 Do
410 182 605 266 prohibitione
615 181 769 247 librorum.
789 188 884 267 Capiat
894 190 951 248 IV.
1097 193 1155 262 255

149 287 245 355 nitive
260 286 468 366 pronuntient.
493 283 620 344 uenum
634 294 698 345 acta
715 287 814 346 omnia
833 286 870 346 ad
892 287 1062 350 Pontificem
1081 292 1157 355 rese·

147 383 286 443 runtur,
325 368 408 445 eujus
433 366 546 444 judicio
579 386 626 427 res
656 370 829 431 absolvitur.
861 370 1042 449 Quandoque
1066 376 1154 433 etiam

148 457 288 519 Pontifex
303 452 396 514 obrei
415 452 587 529 gravitatem
595 451 742 527 judicium
760 463 859 514 coram
875 454 969 533 seipso
987 454 1154 520 babendum

146 541 284 603 ntandat.

118 655 122 660 ·
187 624 284 683 XVll.
309 620 395 693 Quod
424 624 522 677 eutem
544 617 581 675 ad
598 618 853 695 congregationem
877 620 984 680 lndicis
1006 620 1154 698 pertinet,

146 705 326 776 sciendum,
351 701 431 778 quiid
448 699 514 759 eirm
536 709 690 758 novatores
709 710 853 761 transacto
880 703 985 762 saeculo
999 705 1078 764 XVl.
1100 703 1155 762 Oe·

146 788 298 850 uidentem
326 784 425 860 impiis
446 782 530 841 libris
553 783 756 858 repleverint,
780 793 932 845 eteorum
954 785 1155 845 damnationes

146 872 185 931 ad
202 869 336 932 fidelium
350 866 485 926 notitiam
498 908 507 935 ,
519 864 645 932 maximi
655 875 776 943 propter
793 869 866 928 bella
881 913 890 940 ,
905 868 1022 929 difficili
1038 877 1156 947 possent

144 951 328 1033 pervenire,
354 967 428 1025 opus
452 948 531 1017 suit,
555 956 589 1006 ut
606 952 768 1007 vetitorum
788 951 932 1010 librorum
952 953 1044 1011 ludex
1067 952 1154 1011 effor-

145 1042 298 1097 maretur.
315 1032 389 1090 lline
406 1027 523 1091 Paulus
534 1030 554 1090 Ι
557 1032 604 1100 V,
621 1048 701 1089 auno
723 1034 808 1092 1557.
829 1035 1053 1111 inquisitoribus
1071 1053 1154 1095 man·

145 1118 258 1187 davit,
286 1123 319 1173 ut
340 1113 419 1172 hunc
450 1113 580 1172 indicem
610 1113 815 1191 conficerent,
835 1118 886 1193 qui
912 1127 983 1176 tune
1008 1120 1155 1182 coniectus

144 1202 359 1270 suit,etanno
372 1197 458 1256 1559.
476 1194 559 1271 jussu
583 1195 714 1272 ejusdem
734 1196 827 1256 Penii
844 1201 1004 1274 evulgatus.
1026 1203 1064 1261 At
1085 1203 1154 1282 quia

144 1287 180 1345 in
209 1282 309 1342 Indice
335 1279 386 1338 illo
406 1279 512 1338 melior
535 1278 691 1338 methodus
710 1280 856 1357 ‚alioeque
870 1281 1076 1343 declarationes
1120 1304 1154 1346 ae

144 1365 286 1446 plurium
306 1364 432 1422 aliorum
461 1360 609 1420 librorum
633 1370 663 1420 et
688 1362 849 1421 ductorum
870 1365 988 1423 nomina
1009 1329 1154 1430 desidera·

142 1452 282 1516 bantur,
299 1445 368 1505 hine
389 1442 465 1504 Pius
480 1445 539 1503 tv.
564 1444 699 1503 Patribus
724 1444 835 1521 synodi
866 1445 1065 1518 Tridentinis,
1089 1468 1155 1526 quoe

142 1545 223 1595 tune
239 1530 459 1599 celebrabatur,
485 1528 631 1587 commisit
652 1546 763 1588 novum
778 1529 907 1588 lndicem
926 1528 1150 1590 efformandum.

143 1615 316 1679 Concilium
331 1616 368 1673 l8
384 1613 484 1672 Patres
500 1611 537 1672 ad
561 1610 617 1670 boc
636 1612 758 1689 selegit,
782 1613 832 1690 qui
860 1631 933 1688 opus
952 1612 1151 1690 perfecerunt,

143 1700 380 1774 detuleruntque
391 1717 400 1771 3
410 1705 439 1756 at
457 1696 526 1772 quia
539 1696 637 1754 Patres
648 1692 774 1755 nimidm
788 1695 898 1774 fatigati
909 1696 946 1754 de
958 1696 1054 1756 reditu
1069 1707 1153 1761 erant

144 1784 271 1848 solliciti
286 1826 295 1855 ,
310 1782 416 1858 etjam
432 1779 523 1856 aliqui
543 1779 734 1839 discesserant
744 1825 756 1857 ,
776 1797 840 1840 rem
859 1780 895 1839 ad
911 1779 1057 1856 judicium
1076 1784 1153 1843 Pon·

144 1870 242 1931 tifieis
266 1863 415 1927 unicum
438 1863 557 1942 Regalis
577 1863 641 1941 jam
659 1864 815 1925 elaboratis
839 1864 1045 1927 absolvendam
1062 1868 1152 1928 remi·

141 1958 301 2097 sol‘llilllltllb
319 2031 452 2101 Proinde
472 2029 547 2094 Pius
569 2030 627 2094 tv.
655 2028 794 2092 adhibitis
822 2029 957 2108 pluribus
978 2030 1152 2095 doctissimis

142 2119 307 2189 lte-celatis,
328 2116 456 2176 lndieem
477 2115 619 2193 perfecit,
644 2134 678 2174 oe
704 2115 854 2175 mandavit
869 2157 877 2186 ,
895 2123 929 2175 ut
951 2110 988 2174 ab
1017 2117 1153 2178 amnibus
1259 2128 1265 2141 ‘

143 2201 310 2272 fidelibus,
328 2218 395 2258 eum
412 2199 472 2259 suis
499 2198 617 2275 Regulis
635 2199 746 2276 ubique
770 2198 993 2274 observaretur3
1010 2199 1153 2261 decrevit·

144 2306 230 2368 que,
246 2293 282 2343 ut
294 2282 317 2343 si
332 2284 397 2359 quis
413 2281 520 2345 deinde
532 2282 641 2341 librum
654 2282 783 2360 aliquem
798 2292 919 2362 propter
929 2283 992 2343 salsi
1010 2283 1153 2363 dogmatis

144 2368 349 2448 suspicionem
368 2366 540 2429 damnatum
556 2366 682 2444 legeret,
708 2367 756 2425 vel
776 2365 921 2438 haberet,
949 2368 1012 2444 ipso
1031 2365 1100 2443 jure
1121 2369 1151 2429 in

144 2448 483 2517 excommunicationem
497 2448 639 2507 incideret
652 2489 662 2518 ,
675 2448 745 2506 etin
759 2466 827 2511 eum
839 2458 989 2525 tamquam
1000 2446 1037 2506 dc
1050 2447 1152 2509 harei

144 2542 323 2613 suspectum
347 2531 564 2608 procedendum
583 2538 687 2605 esset3
717 2530 770 2607 qui
800 2540 898 2588 autem
923 2530 1014 2589 libros
1033 2532 1088 2590 alia
1116 2533 1154 2590 de

145 2614 237 2681 eausa
253 2615 359 2674 vetitos
379 2616 511 2692 legeret,
531 2620 638 2690 proeter
660 2612 769 2690 peccati
790 2612 921 2670 mortalis
940 2618 1072 2684 reatum,
1091 2612 1154 2689 Epi·

144 2715 310 2780 scaporum
338 2697 459 2757 arbitrio
485 2695 585 2757 severe
614 2702 799 2756 senesceret
827 2693 1036 2771 puniendum3
1060 2693 1098 2752 ita
1123 2693 1154 2754 in

144 2787 233 2848 bulla
254 2780 367 2860 prelati
386 2777 438 2839 Pii
451 2782 470 2840 1
475 2781 511 2839 V.
526 2777 676 2839 Dominioi
689 2775 803 2858 gregis,
817 2776 884 2836 data
901 2775 1050 2836 1111111111
1066 2777 1150 2838 1511.

146 2866 269 2932 Deinde
287 2860 446 2943 Phiiippus
463 2862 510 2922 11.
532 2879 585 2921 rex
601 2862 831 2939 Hispaniarum,
851 2860 1008 2938 Neapolis,
1023 2868 1078 2929 etc.
1106 2861 1154 2921 die

147 2955 188 3014 15
204 2948 292 3010 Febr.
311 2946 397 3005 1569.
417 2944 547 3005 edietum
565 2946 732 3019 emanavit,
747 2942 887 3021 (edictum
902 2939 982 3003 Pba'i.
1000 2944 1044 3003 11.
1062 2953 1154 3004 exstat

147 3032 232 3113 apud
261 3030 328 3088 l'ou
353 3029 452 3106 Espeu
472 3035 552 3107 port.
573 3030 601 3087 1.
621 3027 665 3087 tit.
687 3029 736 3088 22.
755 3025 790 3087 de
816 3028 921 3108 congr.
939 3024 1060 3087 Gordiu.
1080 3045 1105 3087 e.
1121 3029 1151 3087 1.

147 3138 183 3179 n.
198 3116 250 3175 54.
272 3120 302 3170 et
317 3110 394 3187 apud
415 3112 560 3170 Horoeum
574 3108 608 3172 in
624 3108 734 3170 Annei.
750 3107 832 3192 Belg.
850 3108 891 3171 ad
899 3129 972 3170 uun.
992 3110 1079 3186 1560)
1094 3129 1153 3187 quo

146 3194 295 3280 praecepit
324 3192 454 3252 lndicem
479 3195 644 3254 Romanum
667 3195 846 3272 praelatum,
868 3204 956 3271 prout
974 3195 990 3251 d
1012 3193 1153 3253 Pontiliee

147 3286 249 3344 iuerat
269 3275 456 3354 publicatus,
479 3276 517 3336 ab
540 3278 675 3338 omnibus
689 3279 749 3337 suis
769 3277 867 3354 regnis
892 3276 982 3354 recipi
1002 3282 1032 3333 et
1054 3274 1154 3331 obser·

148 3363 236 3431 vari,
253 3360 410 3435 ipsumque
431 3358 468 3418 ad
492 3362 590 3419 omnia
616 3362 736 3420 eoncilia
752 3361 838 3436 Regis
859 3356 1038 3425 transmitti,
1054 3363 1087 3411 ut
1102 3369 1155 3428 per

148 3442 320 3526 provincias
342 3458 425 3499 more
443 3442 529 3502 solito
547 3443 770 3520 publicaretur3
799 3440 878 3518 quod
910 3443 942 3502 in
968 3451 1058 3512 regno
1079 3436 1155 3493 Nea·

147 3527 287 3608 politano
307 3523 371 3582 sine
392 3527 620 3588 corrtrodietione
641 3528 750 3589 laetum
766 3532 821 3583 est.
