<?xml version="1.0" encoding="UTF-8"?>
<!DOCTYPE html PUBLIC "-//W3C//DTD XHTML 1.0 Transitional//EN"
    "http://www.w3.org/TR/xhtml1/DTD/xhtml1-transitional.dtd">
<html xmlns="http://www.w3.org/1999/xhtml" xml:lang="en" lang="en">
 <head>
  <title>
</title>
<meta http-equiv="Content-Type" content="text/html;charset=utf-8" />
  <meta name='ocr-system' content='tesseract 3.04.00' />
  <meta name='ocr-capabilities' content='ocr_page ocr_carea ocr_par ocr_line ocrx_word'/>
</head>
<body>
  <div class='ocr_page' id='page_1' title='image "./theologiamorali01heilgoog_0053.png"; bbox 0 0 2642 4150; ppageno 0'>
   <div class='ocr_carea' id='block_1_1' title="bbox 352 117 1120 205">
    <p class='ocr_par' dir='ltr' id='par_1_1' title="bbox 352 117 1120 205">
     <span class='ocr_line' id='line_1_1' title="bbox 352 117 1120 205; baseline 0.017 -32"><span class='ocrx_word' id='word_1_1' title='bbox 352 165 357 173; x_wconf 92' lang='lat'><em>.</em></span> <span class='ocrx_word' id='word_1_2' title='bbox 422 119 512 181; x_wconf 81' lang='lat' dir='ltr'><strong>-Pers</strong></span> <span class='ocrx_word' id='word_1_3' title='bbox 523 117 659 205; x_wconf 58' lang='lat' dir='ltr'><strong>securum</strong></span> <span class='ocrx_word' id='word_1_4' title='bbox 674 119 768 202; x_wconf 84' lang='lat' dir='ltr'><strong>Caput</strong></span> <span class='ocrx_word' id='word_1_5' title='bbox 782 121 809 182; x_wconf 90' lang='lat'><strong>1.</strong></span> <span class='ocrx_word' id='word_1_6' title='bbox 1082 126 1120 187; x_wconf 75' lang='lat' dir='ltr'><strong>lt</strong></span> 
     </span>
    </p>
   </div>
   <div class='ocr_carea' id='block_1_2' title="bbox 110 223 1134 3511">
    <p class='ocr_par' dir='ltr' id='par_1_2' title="bbox 116 223 1134 642">
     <span class='ocr_line' id='line_1_2' title="bbox 116 223 1120 311; baseline -0.001 -19"><span class='ocrx_word' id='word_1_7' title='bbox 116 229 237 311; x_wconf 87' lang='lat' dir='ltr'><strong>cipimus</strong></span> <span class='ocrx_word' id='word_1_8' title='bbox 249 225 453 303; x_wconf 86' lang='lat' dir='ltr'><strong>aejubemus:</strong></span> <span class='ocrx_word' id='word_1_9' title='bbox 468 223 660 309; x_wconf 81' lang='lat' dir='ltr'><strong>quamobrem</strong></span> <span class='ocrx_word' id='word_1_10' title='bbox 674 223 726 284; x_wconf 90' lang='lat' dir='ltr'><strong>bas</strong></span> <span class='ocrx_word' id='word_1_11' title='bbox 744 226 820 303; x_wconf 84' lang='lat' dir='ltr'><strong>ipsas</strong></span> <span class='ocrx_word' id='word_1_12' title='bbox 840 225 952 288; x_wconf 86' lang='lat' dir='ltr'><strong>litteras</strong></span> <span class='ocrx_word' id='word_1_13' title='bbox 964 232 1076 289; x_wconf 84' lang='lat' dir='ltr'><strong>nostras</strong></span> <span class='ocrx_word' id='word_1_14' title='bbox 1088 230 1120 291; x_wconf 87' lang='lat' dir='ltr'><strong>in</strong></span> 
     </span>
     <span class='ocr_line' id='line_1_3' title="bbox 117 308 1121 395; baseline -0.002 -18"><span class='ocrx_word' id='word_1_15' title='bbox 117 308 301 395; x_wconf 76' lang='lat' dir='ltr'><strong>singulorum</strong></span> <span class='ocrx_word' id='word_1_16' title='bbox 324 308 518 371; x_wconf 74' lang='lat' dir='ltr'><strong>tribunalium</strong></span> <span class='ocrx_word' id='word_1_17' title='bbox 539 309 660 385; x_wconf 77' lang='lat' dir='ltr'><strong>regestis</strong></span> <span class='ocrx_word' id='word_1_18' title='bbox 686 309 828 370; x_wconf 87' lang='lat' dir='ltr'><strong>asservari</strong></span> <span class='ocrx_word' id='word_1_19' title='bbox 852 312 1008 380; x_wconf 85' lang='lat' dir='ltr'><strong>volumus,</strong></span> <span class='ocrx_word' id='word_1_20' title='bbox 1033 321 1121 391; x_wconf 87' lang='lat' dir='ltr'><strong>atque</strong></span> 
     </span>
     <span class='ocr_line' id='line_1_4' title="bbox 117 392 1122 475; baseline -0.004 -14"><span class='ocrx_word' id='word_1_21' title='bbox 117 402 149 461; x_wconf 93' lang='lat' dir='ltr'><strong>ad</strong></span> <span class='ocrx_word' id='word_1_22' title='bbox 167 417 269 460; x_wconf 86' lang='lat' dir='ltr'><strong>aarum</strong></span> <span class='ocrx_word' id='word_1_23' title='bbox 285 392 494 475; x_wconf 60' lang='lat' dir='ltr'><strong>‚prescriptum</strong></span> <span class='ocrx_word' id='word_1_24' title='bbox 515 399 576 453; x_wconf 88' lang='lat' dir='ltr'><strong>tam</strong></span> <span class='ocrx_word' id='word_1_25' title='bbox 600 393 734 471; x_wconf 90' lang='lat' dir='ltr'><strong>ipsorum</strong></span> <span class='ocrx_word' id='word_1_26' title='bbox 750 394 943 456; x_wconf 79' lang='lat' dir='ltr'><strong>tribunalium</strong></span> <span class='ocrx_word' id='word_1_27' title='bbox 966 396 1122 458; x_wconf 84' lang='lat' dir='ltr'><strong>resolutio·</strong></span> 
     </span>
     <span class='ocr_line' id='line_1_5' title="bbox 117 474 1134 560; baseline -0.002 -14"><span class='ocrx_word' id='word_1_28' title='bbox 117 503 176 554; x_wconf 86' lang='lat' dir='ltr'><strong>nes,</strong></span> <span class='ocrx_word' id='word_1_29' title='bbox 185 474 433 560; x_wconf 74' lang='lat' dir='ltr'><strong>quim&#39;dc&#39;v&#39;estris</strong></span> <span class='ocrx_word' id='word_1_30' title='bbox 442 474 578 549; x_wconf 78' lang='lat' dir='ltr'><strong>decretis,</strong></span> <span class='ocrx_word' id='word_1_31' title='bbox 586 496 651 555; x_wconf 79' lang='lat' dir='ltr'><strong>quas</strong></span> <span class='ocrx_word' id='word_1_32' title='bbox 664 479 733 556; x_wconf 89' lang='lat' dir='ltr'><strong>ipsis</strong></span> <span class='ocrx_word' id='word_1_33' title='bbox 742 480 936 556; x_wconf 72' lang='lat' dir='ltr'><strong>presentibus</strong></span> <span class='ocrx_word' id='word_1_34' title='bbox 944 478 1134 544; x_wconf 81' lang='lat' dir='ltr'><strong>inhaerentes-</strong></span> 
     </span>
     <span class='ocr_line' id='line_1_6' title="bbox 117 561 952 642; baseline -0.006 -12"><span class='ocrx_word' id='word_1_35' title='bbox 117 567 222 630; x_wconf 82' lang='lat' dir='ltr'><strong>edituri</strong></span> <span class='ocrx_word' id='word_1_36' title='bbox 237 566 325 640; x_wconf 86' lang='lat' dir='ltr'><strong>estis,</strong></span> <span class='ocrx_word' id='word_1_37' title='bbox 336 562 449 642; x_wconf 84' lang='lat' dir='ltr'><strong>judicia</strong></span> <span class='ocrx_word' id='word_1_38' title='bbox 469 561 565 639; x_wconf 76' lang='lat' dir='ltr'><strong>exigi,</strong></span> <span class='ocrx_word' id='word_1_39' title='bbox 581 570 612 622; x_wconf 86' lang='lat' dir='ltr'><strong>et</strong></span> <span class='ocrx_word' id='word_1_40' title='bbox 625 563 753 622; x_wconf 78' lang='lat' dir='ltr'><strong>conferri</strong></span> <span class='ocrx_word' id='word_1_41' title='bbox 770 564 952 625; x_wconf 86' lang='lat' dir='ltr'><strong>mandamus.</strong></span> 
     </span>
    </p>

    <p class='ocr_par' dir='ltr' id='par_1_3' title="bbox 110 646 1126 3408">
     <span class='ocr_line' id='line_1_7' title="bbox 153 646 1119 729; baseline 0 -17"><span class='ocrx_word' id='word_1_42' title='bbox 153 653 189 712; x_wconf 78' lang='lat' dir='ltr'><strong>Et</strong></span> <span class='ocrx_word' id='word_1_43' title='bbox 205 649 328 729; x_wconf 89' lang='lat' dir='ltr'><strong>quidem</strong></span> <span class='ocrx_word' id='word_1_44' title='bbox 346 646 427 726; x_wconf 91' lang='lat' dir='ltr'><strong>quod</strong></span> <span class='ocrx_word' id='word_1_45' title='bbox 448 663 545 723; x_wconf 88' lang='lat' dir='ltr'><strong>nuper</strong></span> <span class='ocrx_word' id='word_1_46' title='bbox 563 647 800 716; x_wconf 81' lang='lat' dir='ltr'><strong>enuntiavimus,</strong></span> <span class='ocrx_word' id='word_1_47' title='bbox 816 657 1031 710; x_wconf 88' lang='lat' dir='ltr'><strong>sacrosanctum</strong></span> <span class='ocrx_word' id='word_1_48' title='bbox 1046 648 1119 712; x_wconf 85' lang='lat' dir='ltr'><strong>mis·</strong></span> 
     </span>
     <span class='ocr_line' id='line_1_8' title="bbox 116 729 1121 813; baseline -0.002 -14"><span class='ocrx_word' id='word_1_49' title='bbox 116 755 157 799; x_wconf 73' lang='lat' dir='ltr'><strong>se</strong></span> <span class='ocrx_word' id='word_1_50' title='bbox 176 729 386 797; x_wconf 78' lang='lat' dir='ltr'><strong>sacrificiumb</strong></span> <span class='ocrx_word' id='word_1_51' title='bbox 405 729 572 809; x_wconf 82' lang='lat' dir='ltr'><strong>pastoribus</strong></span> <span class='ocrx_word' id='word_1_52' title='bbox 584 730 751 791; x_wconf 91' lang='lat' dir='ltr'><strong>animarum</strong></span> <span class='ocrx_word' id='word_1_53' title='bbox 771 732 910 811; x_wconf 88' lang='lat' dir='ltr'><strong>applicari</strong></span> <span class='ocrx_word' id='word_1_54' title='bbox 930 734 1039 795; x_wconf 78' lang='lat' dir='ltr'><strong>debere</strong></span> <span class='ocrx_word' id='word_1_55' title='bbox 1064 753 1121 813; x_wconf 90' lang='lat' dir='ltr'><strong>pro</strong></span> 
     </span>
     <span class='ocr_line' id='line_1_9' title="bbox 117 814 1122 902; baseline 0.003 -24"><span class='ocrx_word' id='word_1_56' title='bbox 117 819 224 902; x_wconf 91' lang='lat' dir='ltr'><strong>populo</strong></span> <span class='ocrx_word' id='word_1_57' title='bbox 237 818 370 897; x_wconf 87' lang='lat' dir='ltr'><strong>ipsorum</strong></span> <span class='ocrx_word' id='word_1_58' title='bbox 386 833 465 875; x_wconf 83' lang='lat' dir='ltr'><strong>eurae</strong></span> <span class='ocrx_word' id='word_1_59' title='bbox 480 815 652 885; x_wconf 86' lang='lat' dir='ltr'><strong>commisso,</strong></span> <span class='ocrx_word' id='word_1_60' title='bbox 672 814 705 897; x_wconf 83' lang='lat' dir='ltr'><strong>id</strong></span> <span class='ocrx_word' id='word_1_61' title='bbox 722 816 814 876; x_wconf 84' lang='lat' dir='ltr'><strong>veluti</strong></span> <span class='ocrx_word' id='word_1_62' title='bbox 833 835 869 876; x_wconf 85' lang='lat' dir='ltr'><strong>ex</strong></span> <span class='ocrx_word' id='word_1_63' title='bbox 889 817 990 878; x_wconf 86' lang='lat' dir='ltr'><strong>divino</strong></span> <span class='ocrx_word' id='word_1_64' title='bbox 1012 837 1122 898; x_wconf 74' lang='lat' dir='ltr'><strong>praee·</strong></span> 
     </span>
     <span class='ocr_line' id='line_1_10' title="bbox 117 896 1123 987; baseline 0 -21"><span class='ocrx_word' id='word_1_65' title='bbox 117 915 169 987; x_wconf 89' lang='lat' dir='ltr'><strong>pto</strong></span> <span class='ocrx_word' id='word_1_66' title='bbox 182 901 360 963; x_wconf 75' lang='lat' dir='ltr'><strong>dmeendens</strong></span> <span class='ocrx_word' id='word_1_67' title='bbox 372 896 410 972; x_wconf 78' lang='lat' dir='ltr'><strong>,d</strong></span> <span class='ocrx_word' id='word_1_68' title='bbox 426 915 505 958; x_wconf 88' lang='lat' dir='ltr'><strong>saera</strong></span> <span class='ocrx_word' id='word_1_69' title='bbox 516 899 686 959; x_wconf 76' lang='lat' dir='ltr'><strong>&#39;tridentina</strong></span> <span class='ocrx_word' id='word_1_70' title='bbox 698 900 817 980; x_wconf 81' lang='lat' dir='ltr'><strong>synodo</strong></span> <span class='ocrx_word' id='word_1_71' title='bbox 828 901 934 963; x_wconf 81' lang='lat' dir='ltr'><strong>diserti</strong></span> <span class='ocrx_word' id='word_1_72' title='bbox 947 904 1123 982; x_wconf 81' lang='lat' dir='ltr'><strong>exprimitur</strong></span> 
     </span>
     <span class='ocr_line' id='line_1_11' title="bbox 118 981 1122 1062; baseline -0.001 -12"><span class='ocrx_word' id='word_1_73' title='bbox 118 1006 187 1050; x_wconf 72' lang='lat' dir='ltr'><strong>sess.</strong></span> <span class='ocrx_word' id='word_1_74' title='bbox 201 988 251 1048; x_wconf 59' lang='grc' dir='ltr'><strong>ᾗ.</strong></span> <span class='ocrx_word' id='word_1_75' title='bbox 272 1003 335 1062; x_wconf 90' lang='lat' dir='ltr'><strong>cap.</strong></span> <span class='ocrx_word' id='word_1_76' title='bbox 350 986 380 1045; x_wconf 85' lang='lat' dir='ltr'><strong>l.</strong></span> <span class='ocrx_word' id='word_1_77' title='bbox 394 982 432 1043; x_wconf 91' lang='lat' dir='ltr'><strong>de</strong></span> <span class='ocrx_word' id='word_1_78' title='bbox 445 983 606 1043; x_wconf 77' lang='lat' dir='ltr'><strong>Reformat.</strong></span> <span class='ocrx_word' id='word_1_79' title='bbox 621 1002 675 1061; x_wconf 88' lang='lat' dir='ltr'><strong>per</strong></span> <span class='ocrx_word' id='word_1_80' title='bbox 690 981 752 1044; x_wconf 78' lang='lat' dir='ltr'><strong>baec</strong></span> <span class='ocrx_word' id='word_1_81' title='bbox 766 986 906 1047; x_wconf 77' lang='lat' dir='ltr'><strong>notabilia</strong></span> <span class='ocrx_word' id='word_1_82' title='bbox 922 986 1030 1046; x_wconf 84' lang='lat' dir='ltr'><strong>verba:</strong></span> <span class='ocrx_word' id='word_1_83' title='bbox 1047 987 1122 1049; x_wconf 79' lang='lat' dir='ltr'><strong>Celae</strong></span> 
     </span>
     <span class='ocr_line' id='line_1_12' title="bbox 118 1065 1122 1156; baseline -0.001 -23"><span class='ocrx_word' id='word_1_84' title='bbox 118 1077 259 1156; x_wconf 83' lang='lat' dir='ltr'><strong>prerepto</strong></span> <span class='ocrx_word' id='word_1_85' title='bbox 276 1067 379 1130; x_wconf 88' lang='lat' dir='ltr'><strong>diuino</strong></span> <span class='ocrx_word' id='word_1_86' title='bbox 403 1065 579 1152; x_wconf 76' lang='lat' dir='ltr'><strong>nwndatuua</strong></span> <span class='ocrx_word' id='word_1_87' title='bbox 600 1066 642 1128; x_wconf 83' lang='lat' dir='ltr'><strong>sit</strong></span> <span class='ocrx_word' id='word_1_88' title='bbox 658 1066 814 1142; x_wconf 73' lang='lat' dir='ltr'><strong>omnibuis,</strong></span> <span class='ocrx_word' id='word_1_89' title='bbox 829 1069 937 1150; x_wconf 82' lang='lat' dir='ltr'><strong>quibus</strong></span> <span class='ocrx_word' id='word_1_90' title='bbox 951 1070 1122 1132; x_wconf 84' lang='lat' dir='ltr'><strong>animarum</strong></span> 
     </span>
     <span class='ocr_line' id='line_1_13' title="bbox 119 1152 1122 1236; baseline 0 -18"><span class='ocrx_word' id='word_1_91' title='bbox 119 1152 355 1218; x_wconf 82' lang='lat' dir='ltr'><strong>cura-camenisso</strong></span> <span class='ocrx_word' id='word_1_92' title='bbox 369 1159 429 1226; x_wconf 87' lang='lat' dir='ltr'><strong>est,</strong></span> <span class='ocrx_word' id='word_1_93' title='bbox 449 1169 515 1213; x_wconf 87' lang='lat' dir='ltr'><strong>ovas</strong></span> <span class='ocrx_word' id='word_1_94' title='bbox 531 1168 602 1213; x_wconf 85' lang='lat' dir='ltr'><strong>suas</strong></span> <span class='ocrx_word' id='word_1_95' title='bbox 620 1171 792 1233; x_wconf 74' lang='lat' dir='ltr'><strong>aqnoseere,</strong></span> <span class='ocrx_word' id='word_1_96' title='bbox 805 1173 860 1234; x_wconf 88' lang='lat' dir='ltr'><strong>pro</strong></span> <span class='ocrx_word' id='word_1_97' title='bbox 876 1152 923 1217; x_wconf 79' lang='lat' dir='ltr'><strong>dis</strong></span> <span class='ocrx_word' id='word_1_98' title='bbox 944 1154 1122 1236; x_wconf 68' lang='lat' dir='ltr'><strong>sacmficiunr</strong></span> 
     </span>
     <span class='ocr_line' id='line_1_14' title="bbox 118 1235 1122 1321; baseline 0.002 -22"><span class='ocrx_word' id='word_1_99' title='bbox 118 1238 281 1321; x_wconf 73' lang='lat' dir='ltr'><strong>afferre-Et</strong></span> <span class='ocrx_word' id='word_1_100' title='bbox 302 1236 436 1316; x_wconf 82' lang='lat' dir='ltr'><strong>quamvis</strong></span> <span class='ocrx_word' id='word_1_101' title='bbox 451 1235 575 1297; x_wconf 78' lang='lat' dir='ltr'><strong>minimi</strong></span> <span class='ocrx_word' id='word_1_102' title='bbox 591 1236 758 1309; x_wconf 76' lang='lat' dir='ltr'><strong>defuerint,</strong></span> <span class='ocrx_word' id='word_1_103' title='bbox 772 1240 824 1316; x_wconf 88' lang='lat' dir='ltr'><strong>qui</strong></span> <span class='ocrx_word' id='word_1_104' title='bbox 843 1256 895 1315; x_wconf 88' lang='lat' dir='ltr'><strong>per</strong></span> <span class='ocrx_word' id='word_1_105' title='bbox 908 1240 1008 1301; x_wconf 78' lang='lat' dir='ltr'><strong>inanes</strong></span> <span class='ocrx_word' id='word_1_106' title='bbox 1028 1246 1058 1301; x_wconf 90' lang='lat' dir='ltr'><strong>et</strong></span> <span class='ocrx_word' id='word_1_107' title='bbox 1068 1240 1122 1301; x_wconf 87' lang='lat' dir='ltr'><strong>iri·</strong></span> 
     </span>
     <span class='ocr_line' id='line_1_15' title="bbox 117 1318 1122 1403; baseline 0.003 -22"><span class='ocrx_word' id='word_1_108' title='bbox 117 1324 199 1384; x_wconf 83' lang='lat' dir='ltr'><strong>volas</strong></span> <span class='ocrx_word' id='word_1_109' title='bbox 214 1321 469 1399; x_wconf 83' lang='lat' dir='ltr'><strong>interpretationes</strong></span> <span class='ocrx_word' id='word_1_110' title='bbox 497 1318 669 1398; x_wconf 89' lang='lat' dir='ltr'><strong>hujusmodi</strong></span> <span class='ocrx_word' id='word_1_111' title='bbox 689 1322 898 1403; x_wconf 77' lang='lat' dir='ltr'><strong>obligationem</strong></span> <span class='ocrx_word' id='word_1_112' title='bbox 917 1321 1046 1384; x_wconf 79' lang='lat' dir='ltr'><strong>isaneta</strong></span> <span class='ocrx_word' id='word_1_113' title='bbox 1067 1325 1122 1402; x_wconf 89' lang='lat' dir='ltr'><strong>Sy·</strong></span> 
     </span>
     <span class='ocr_line' id='line_1_16' title="bbox 116 1404 1122 1481; baseline -0.004 -11"><span class='ocrx_word' id='word_1_114' title='bbox 116 1408 198 1470; x_wconf 89' lang='lat' dir='ltr'><strong>nodo</strong></span> <span class='ocrx_word' id='word_1_115' title='bbox 211 1413 399 1466; x_wconf 89' lang='lat' dir='ltr'><strong>memoratam</strong></span> <span class='ocrx_word' id='word_1_116' title='bbox 412 1404 559 1466; x_wconf 88' lang='lat' dir='ltr'><strong>demedio</strong></span> <span class='ocrx_word' id='word_1_117' title='bbox 574 1405 695 1481; x_wconf 87' lang='lat' dir='ltr'><strong>tollere,</strong></span> <span class='ocrx_word' id='word_1_118' title='bbox 710 1406 757 1464; x_wconf 87' lang='lat' dir='ltr'><strong>vel</strong></span> <span class='ocrx_word' id='word_1_119' title='bbox 770 1406 873 1465; x_wconf 88' lang='lat' dir='ltr'><strong>saltem</strong></span> <span class='ocrx_word' id='word_1_120' title='bbox 885 1415 1041 1466; x_wconf 84' lang='lat' dir='ltr'><strong>extenuare</strong></span> <span class='ocrx_word' id='word_1_121' title='bbox 1052 1425 1122 1466; x_wconf 88' lang='lat' dir='ltr'><strong>eon·</strong></span> 
     </span>
     <span class='ocr_line' id='line_1_17' title="bbox 118 1490 1123 1567; baseline -0.001 -13"><span class='ocrx_word' id='word_1_122' title='bbox 118 1491 273 1554; x_wconf 88' lang='lat' dir='ltr'><strong>tendorint</strong></span> <span class='ocrx_word' id='word_1_123' title='bbox 285 1532 294 1562; x_wconf 94' lang='lat'><strong>,</strong></span> <span class='ocrx_word' id='word_1_124' title='bbox 308 1505 397 1567; x_wconf 87' lang='lat' dir='ltr'><strong>quum</strong></span> <span class='ocrx_word' id='word_1_125' title='bbox 410 1499 510 1551; x_wconf 87' lang='lat' dir='ltr'><strong>tamen</strong></span> <span class='ocrx_word' id='word_1_126' title='bbox 533 1490 625 1549; x_wconf 89' lang='lat' dir='ltr'><strong>relata</strong></span> <span class='ocrx_word' id='word_1_127' title='bbox 645 1490 770 1550; x_wconf 80' lang='lat' dir='ltr'><strong>aoncilii</strong></span> <span class='ocrx_word' id='word_1_128' title='bbox 783 1490 871 1550; x_wconf 87' lang='lat' dir='ltr'><strong>verba</strong></span> <span class='ocrx_word' id='word_1_129' title='bbox 891 1492 960 1549; x_wconf 90' lang='lat' dir='ltr'><strong>satis</strong></span> <span class='ocrx_word' id='word_1_130' title='bbox 975 1492 1071 1565; x_wconf 90' lang='lat' dir='ltr'><strong>clara,</strong></span> <span class='ocrx_word' id='word_1_131' title='bbox 1093 1501 1123 1554; x_wconf 89' lang='lat' dir='ltr'><strong>et</strong></span> 
     </span>
     <span class='ocr_line' id='line_1_18' title="bbox 116 1571 1123 1662; baseline 0.001 -26"><span class='ocrx_word' id='word_1_132' title='bbox 116 1575 272 1662; x_wconf 85' lang='lat' dir='ltr'><strong>perspicua</strong></span> <span class='ocrx_word' id='word_1_133' title='bbox 287 1574 361 1650; x_wconf 88' lang='lat' dir='ltr'><strong>sint,</strong></span> <span class='ocrx_word' id='word_1_134' title='bbox 376 1590 525 1654; x_wconf 84' lang='lat' dir='ltr'><strong>quumque</strong></span> <span class='ocrx_word' id='word_1_135' title='bbox 546 1571 689 1656; x_wconf 79' lang='lat' dir='ltr'><strong>predicta</strong></span> <span class='ocrx_word' id='word_1_136' title='bbox 710 1574 894 1656; x_wconf 78' lang='lat' dir='ltr'><strong>conprepatio</strong></span> <span class='ocrx_word' id='word_1_137' title='bbox 910 1573 1037 1656; x_wconf 83' lang='lat' dir='ltr'><strong>ejusdem</strong></span> <span class='ocrx_word' id='word_1_138' title='bbox 1056 1593 1123 1637; x_wconf 88' lang='lat' dir='ltr'><strong>eon·</strong></span> 
     </span>
     <span class='ocr_line' id='line_1_19' title="bbox 114 1656 1122 1740; baseline 0 -19"><span class='ocrx_word' id='word_1_139' title='bbox 114 1657 182 1721; x_wconf 79' lang='lat' dir='ltr'><strong>citii</strong></span> <span class='ocrx_word' id='word_1_140' title='bbox 192 1658 427 1739; x_wconf 78' lang='lat' dir='ltr'><strong>interpretationi</strong></span> <span class='ocrx_word' id='word_1_141' title='bbox 434 1656 582 1739; x_wconf 77' lang='lat' dir='ltr'><strong>privativi</strong></span> <span class='ocrx_word' id='word_1_142' title='bbox 598 1658 779 1740; x_wconf 74' lang='lat' dir='ltr'><strong>preposita,</strong></span> <span class='ocrx_word' id='word_1_143' title='bbox 797 1667 965 1722; x_wconf 82' lang='lat' dir='ltr'><strong>constanter</strong></span> <span class='ocrx_word' id='word_1_144' title='bbox 979 1658 1122 1734; x_wconf 80' lang='lat' dir='ltr'><strong>edixerit,·</strong></span> 
     </span>
     <span class='ocr_line' id='line_1_20' title="bbox 114 1740 1123 1822; baseline -0.004 -15"><span class='ocrx_word' id='word_1_145' title='bbox 114 1762 163 1807; x_wconf 85' lang='lat' dir='ltr'><strong>eos</strong></span> <span class='ocrx_word' id='word_1_146' title='bbox 174 1788 182 1817; x_wconf 91' lang='lat'><strong>,</strong></span> <span class='ocrx_word' id='word_1_147' title='bbox 195 1741 302 1822; x_wconf 80' lang='lat' dir='ltr'><strong>quibus</strong></span> <span class='ocrx_word' id='word_1_148' title='bbox 317 1740 488 1803; x_wconf 83' lang='lat' dir='ltr'><strong>auiuearune</strong></span> <span class='ocrx_word' id='word_1_149' title='bbox 501 1760 573 1803; x_wconf 85' lang='lat' dir='ltr'><strong>eura</strong></span> <span class='ocrx_word' id='word_1_150' title='bbox 586 1740 765 1804; x_wconf 79' lang='lat' dir='ltr'><strong>derndndata</strong></span> <span class='ocrx_word' id='word_1_151' title='bbox 778 1752 821 1805; x_wconf 87' lang='lat' dir='ltr'><strong>est</strong></span> <span class='ocrx_word' id='word_1_152' title='bbox 834 1790 843 1817; x_wconf 91' lang='lat'><strong>,</strong></span> <span class='ocrx_word' id='word_1_153' title='bbox 862 1763 923 1806; x_wconf 82' lang='lat' dir='ltr'><strong>nora</strong></span> <span class='ocrx_word' id='word_1_154' title='bbox 935 1744 1020 1807; x_wconf 72' lang='grc' dir='ltr'><em>ηιοιίὸ</em></span> <span class='ocrx_word' id='word_1_155' title='bbox 1031 1743 1123 1805; x_wconf 61' lang='lat' dir='ltr'><strong>sacri</strong></span> 
     </span>
     <span class='ocr_line' id='line_1_21' title="bbox 111 1823 1123 1911; baseline 0 -21"><span class='ocrx_word' id='word_1_156' title='bbox 111 1828 216 1911; x_wconf 78' lang='lat' dir='ltr'><strong>ficiunt</strong></span> <span class='ocrx_word' id='word_1_157' title='bbox 229 1829 327 1889; x_wconf 80' lang='lat' dir='ltr'><strong>atissa</strong></span> <span class='ocrx_word' id='word_1_158' title='bbox 339 1824 499 1904; x_wconf 87' lang='lat' dir='ltr'><strong>celebrare,</strong></span> <span class='ocrx_word' id='word_1_159' title='bbox 513 1825 565 1888; x_wconf 87' lang='lat' dir='ltr'><strong>scd</strong></span> <span class='ocrx_word' id='word_1_160' title='bbox 573 1824 656 1889; x_wconf 86' lang='lat' dir='ltr'><strong>iltius</strong></span> <span class='ocrx_word' id='word_1_161' title='bbox 667 1830 755 1889; x_wconf 87' lang='lat' dir='ltr'><strong>etiarn</strong></span> <span class='ocrx_word' id='word_1_162' title='bbox 775 1823 911 1911; x_wconf 77' lang='lat' dir='ltr'><strong>sructuau‘</strong></span> <span class='ocrx_word' id='word_1_163' title='bbox 927 1829 1056 1891; x_wconf 83' lang='lat' dir='ltr'><strong>medium</strong></span> <span class='ocrx_word' id='word_1_164' title='bbox 1066 1848 1123 1911; x_wconf 83' lang='lat' dir='ltr'><strong>pra</strong></span> 
     </span>
     <span class='ocr_line' id='line_1_22' title="bbox 114 1909 1123 1995; baseline 0.002 -24"><span class='ocrx_word' id='word_1_165' title='bbox 114 1909 226 1995; x_wconf 83' lang='lat' dir='ltr'><strong>populo</strong></span> <span class='ocrx_word' id='word_1_166' title='bbox 243 1909 302 1974; x_wconf 84' lang='lat' dir='ltr'><strong>sibi</strong></span> <span class='ocrx_word' id='word_1_167' title='bbox 322 1912 474 1972; x_wconf 85' lang='lat' dir='ltr'><strong>corumiaso</strong></span> <span class='ocrx_word' id='word_1_168' title='bbox 496 1909 646 1992; x_wconf 86' lang='lat' dir='ltr'><strong>applicare</strong></span> <span class='ocrx_word' id='word_1_169' title='bbox 663 1912 781 1989; x_wconf 80' lang='lat' dir='ltr'><strong>detera,</strong></span> <span class='ocrx_word' id='word_1_170' title='bbox 806 1931 858 1974; x_wconf 87' lang='lat' dir='ltr'><strong>nee</strong></span> <span class='ocrx_word' id='word_1_171' title='bbox 883 1912 958 1974; x_wconf 84' lang='lat' dir='ltr'><strong>illud</strong></span> <span class='ocrx_word' id='word_1_172' title='bbox 979 1931 1034 1993; x_wconf 88' lang='lat' dir='ltr'><strong>pro</strong></span> <span class='ocrx_word' id='word_1_173' title='bbox 1053 1910 1123 1974; x_wconf 82' lang='lat' dir='ltr'><strong>aliis</strong></span> 
     </span>
     <span class='ocr_line' id='line_1_23' title="bbox 115 1994 1123 2081; baseline -0.003 -22"><span class='ocrx_word' id='word_1_174' title='bbox 115 1995 283 2081; x_wconf 81' lang='lat' dir='ltr'><strong>applicare,</strong></span> <span class='ocrx_word' id='word_1_175' title='bbox 301 2005 357 2057; x_wconf 89' lang='lat' dir='ltr'><strong>aut</strong></span> <span class='ocrx_word' id='word_1_176' title='bbox 369 2015 424 2079; x_wconf 88' lang='lat' dir='ltr'><strong>pro</strong></span> <span class='ocrx_word' id='word_1_177' title='bbox 436 1995 608 2079; x_wconf 83' lang='lat' dir='ltr'><strong>bujrrsmadi</strong></span> <span class='ocrx_word' id='word_1_178' title='bbox 624 1997 821 2080; x_wconf 81' lang='lat' dir='ltr'><strong>applicatione</strong></span> <span class='ocrx_word' id='word_1_179' title='bbox 834 1994 1044 2078; x_wconf 76' lang='lat' dir='ltr'><strong>eleemosynam</strong></span> <span class='ocrx_word' id='word_1_180' title='bbox 1056 2015 1123 2079; x_wconf 88' lang='lat' dir='ltr'><strong>per-</strong></span> 
     </span>
     <span class='ocr_line' id='line_1_24' title="bbox 113 2078 1125 2167; baseline -0.006 -19"><span class='ocrx_word' id='word_1_181' title='bbox 113 2085 210 2167; x_wconf 84' lang='lat' dir='ltr'><strong>cipere</strong></span> <span class='ocrx_word' id='word_1_182' title='bbox 221 2101 325 2164; x_wconf 86' lang='lat' dir='ltr'><strong>posse,·</strong></span> <span class='ocrx_word' id='word_1_183' title='bbox 339 2080 475 2166; x_wconf 81' lang='lat' dir='ltr'><strong>qreodquc</strong></span> <span class='ocrx_word' id='word_1_184' title='bbox 490 2081 586 2163; x_wconf 78' lang='lat' dir='ltr'><strong>mapis</strong></span> <span class='ocrx_word' id='word_1_185' title='bbox 601 2081 736 2160; x_wconf 83' lang='lat' dir='ltr'><strong>interest,</strong></span> <span class='ocrx_word' id='word_1_186' title='bbox 751 2103 843 2165; x_wconf 80' lang='lat' dir='ltr'><strong>quum</strong></span> <span class='ocrx_word' id='word_1_187' title='bbox 856 2083 917 2144; x_wconf 80' lang='lat' dir='ltr'><strong>brec</strong></span> <span class='ocrx_word' id='word_1_188' title='bbox 929 2078 1125 2162; x_wconf 61' lang='lat' dir='ltr'><strong>intelligentie·</strong></span> 
     </span>
     <span class='ocr_line' id='line_1_25' title="bbox 113 2166 1123 2249; baseline -0.004 -19"><span class='ocrx_word' id='word_1_189' title='bbox 113 2172 134 2230; x_wconf 88' lang='lat' dir='ltr'><strong>d</strong></span> <span class='ocrx_word' id='word_1_190' title='bbox 158 2166 418 2249; x_wconf 76' lang='lat' dir='ltr'><strong>predecessoribus</strong></span> <span class='ocrx_word' id='word_1_191' title='bbox 445 2166 556 2228; x_wconf 83' lang='lat' dir='ltr'><strong>nastris</strong></span> <span class='ocrx_word' id='word_1_192' title='bbox 569 2170 711 2230; x_wconf 78' lang='lat' dir='ltr'><strong>nonanis</strong></span> <span class='ocrx_word' id='word_1_193' title='bbox 735 2168 930 2248; x_wconf 70' lang='lat' dir='ltr'><strong>Pontificibus</strong></span> <span class='ocrx_word' id='word_1_194' title='bbox 960 2166 1123 2248; x_wconf 84' lang='lat' dir='ltr'><strong>approbata</strong></span> 
     </span>
     <span class='ocr_line' id='line_1_26' title="bbox 113 2247 1123 2335; baseline -0.003 -22"><span class='ocrx_word' id='word_1_195' title='bbox 113 2248 226 2335; x_wconf 70' lang='lat' dir='ltr'><strong>fuerit,</strong></span> <span class='ocrx_word' id='word_1_196' title='bbox 241 2256 270 2309; x_wconf 87' lang='lat' dir='ltr'><strong>et</strong></span> <span class='ocrx_word' id='word_1_197' title='bbox 288 2250 464 2332; x_wconf 81' lang='lat' dir='ltr'><strong>confirmata</strong></span> <span class='ocrx_word' id='word_1_198' title='bbox 476 2274 488 2309; x_wconf 81' lang='lat'><strong>.-</strong></span> <span class='ocrx_word' id='word_1_199' title='bbox 502 2247 579 2311; x_wconf 82' lang='lat' dir='ltr'><strong>uidit</strong></span> <span class='ocrx_word' id='word_1_200' title='bbox 594 2250 664 2331; x_wconf 74' lang='lat' dir='ltr'><strong>jane</strong></span> <span class='ocrx_word' id='word_1_201' title='bbox 679 2249 808 2334; x_wconf 71' lang='lat' dir='ltr'><strong>conplicis</strong></span> <span class='ocrx_word' id='word_1_202' title='bbox 828 2250 885 2312; x_wconf 86' lang='lat' dir='ltr'><strong>ulti</strong></span> <span class='ocrx_word' id='word_1_203' title='bbox 900 2255 1028 2312; x_wconf 75' lang='lat' dir='ltr'><strong>aestum</strong></span> <span class='ocrx_word' id='word_1_204' title='bbox 1049 2248 1123 2313; x_wconf 87' lang='lat' dir='ltr'><strong>desi·</strong></span> 
     </span>
     <span class='ocr_line' id='line_1_27' title="bbox 115 2333 1121 2416; baseline -0.003 -20"><span class='ocrx_word' id='word_1_205' title='bbox 115 2333 283 2396; x_wconf 83' lang='lat' dir='ltr'><strong>derandum</strong></span> <span class='ocrx_word' id='word_1_206' title='bbox 304 2333 454 2415; x_wconf 85' lang='lat' dir='ltr'><strong>superest,</strong></span> <span class='ocrx_word' id='word_1_207' title='bbox 479 2342 515 2395; x_wconf 88' lang='lat' dir='ltr'><strong>ut</strong></span> <span class='ocrx_word' id='word_1_208' title='bbox 541 2352 606 2395; x_wconf 89' lang='lat' dir='ltr'><strong>earn</strong></span> <span class='ocrx_word' id='word_1_209' title='bbox 627 2334 782 2416; x_wconf 76' lang='lat' dir='ltr'><strong>carpineti,</strong></span> <span class='ocrx_word' id='word_1_210' title='bbox 807 2336 954 2416; x_wconf 85' lang='lat' dir='ltr'><strong>eidemque</strong></span> <span class='ocrx_word' id='word_1_211' title='bbox 982 2333 1102 2414; x_wconf 84' lang='lat' dir='ltr'><strong>absequi</strong></span> <span class='ocrx_word' id='word_1_212' title='bbox 1113 2378 1121 2404; x_wconf 96' lang='lat'><strong>,</strong></span> 
     </span>
     <span class='ocr_line' id='line_1_28' title="bbox 114 2413 1123 2503; baseline -0.003 -22"><span class='ocrx_word' id='word_1_213' title='bbox 114 2438 228 2503; x_wconf 78' lang='lat' dir='ltr'><strong>necnon</strong></span> <span class='ocrx_word' id='word_1_214' title='bbox 239 2415 323 2479; x_wconf 83' lang='lat' dir='ltr'><strong>itlius</strong></span> <span class='ocrx_word' id='word_1_215' title='bbox 331 2426 499 2500; x_wconf 81' lang='lat' dir='ltr'><strong>proruptura</strong></span> <span class='ocrx_word' id='word_1_216' title='bbox 512 2413 709 2490; x_wconf 75' lang='lat' dir='ltr'><strong>caecutiouc&#39;nr</strong></span> <span class='ocrx_word' id='word_1_217' title='bbox 723 2421 872 2483; x_wconf 82' lang='lat' dir='ltr'><strong>incastris</strong></span> <span class='ocrx_word' id='word_1_218' title='bbox 888 2421 1041 2502; x_wconf 82' lang='lat' dir='ltr'><strong>respective</strong></span> <span class='ocrx_word' id='word_1_219' title='bbox 1052 2417 1123 2479; x_wconf 90' lang='lat' dir='ltr'><strong>diae·</strong></span> 
     </span>
     <span class='ocr_line' id='line_1_29' title="bbox 113 2495 804 2588; baseline 0.003 -25"><span class='ocrx_word' id='word_1_220' title='bbox 113 2502 227 2588; x_wconf 69' lang='lat' dir='ltr'><strong>nasibus</strong></span> <span class='ocrx_word' id='word_1_221' title='bbox 240 2506 322 2564; x_wconf 87' lang='lat' dir='ltr'><strong>omni</strong></span> <span class='ocrx_word' id='word_1_222' title='bbox 335 2501 434 2565; x_wconf 85' lang='lat' dir='ltr'><strong>studio</strong></span> <span class='ocrx_word' id='word_1_223' title='bbox 451 2523 610 2585; x_wconf 83' lang='lat' dir='ltr'><strong>procurare</strong></span> <span class='ocrx_word' id='word_1_224' title='bbox 626 2495 766 2566; x_wconf 83' lang='lat' dir='ltr'><strong>debeatis.</strong></span> <span class='ocrx_word' id='word_1_225' title='bbox 802 2579 804 2584; x_wconf 15' lang='grc' dir='ltr'><strong><em>Α</em></strong></span> 
     </span>
     <span class='ocr_line' id='line_1_30' title="bbox 116 2586 1124 2670; baseline -0.002 -20"><span class='ocrx_word' id='word_1_226' title='bbox 116 2659 122 2670; x_wconf 41' lang='grc'><em>,</em></span> <span class='ocrx_word' id='word_1_227' title='bbox 156 2590 260 2667; x_wconf 82' lang='lat' dir='ltr'><strong>Neque</strong></span> <span class='ocrx_word' id='word_1_228' title='bbox 274 2606 328 2649; x_wconf 90' lang='lat' dir='ltr'><strong>nos</strong></span> <span class='ocrx_word' id='word_1_229' title='bbox 343 2598 459 2664; x_wconf 90' lang='lat' dir='ltr'><strong>tamen,</strong></span> <span class='ocrx_word' id='word_1_230' title='bbox 472 2592 524 2668; x_wconf 90' lang='lat' dir='ltr'><strong>qui</strong></span> <span class='ocrx_word' id='word_1_231' title='bbox 536 2635 544 2664; x_wconf 90' lang='lat'>‚</span> <span class='ocrx_word' id='word_1_232' title='bbox 556 2600 590 2650; x_wconf 89' lang='lat' dir='ltr'><strong>ut</strong></span> <span class='ocrx_word' id='word_1_233' title='bbox 607 2587 744 2668; x_wconf 79' lang='lat' dir='ltr'><strong>superius</strong></span> <span class='ocrx_word' id='word_1_234' title='bbox 763 2586 933 2663; x_wconf 83' lang='lat' dir='ltr'><strong>innuimus,</strong></span> <span class='ocrx_word' id='word_1_235' title='bbox 954 2589 985 2648; x_wconf 90' lang='lat' dir='ltr'><strong>in</strong></span> <span class='ocrx_word' id='word_1_236' title='bbox 1001 2588 1124 2648; x_wconf 88' lang='lat' dir='ltr'><strong>minori·</strong></span> 
     </span>
     <span class='ocr_line' id='line_1_31' title="bbox 114 2670 1125 2754; baseline 0.002 -22"><span class='ocrx_word' id='word_1_237' title='bbox 114 2674 175 2754; x_wconf 76' lang='lat' dir='ltr'><strong>bers</strong></span> <span class='ocrx_word' id='word_1_238' title='bbox 193 2670 290 2732; x_wconf 88' lang='lat' dir='ltr'><strong>adbuc</strong></span> <span class='ocrx_word' id='word_1_239' title='bbox 301 2671 460 2752; x_wconf 78' lang='lat' dir='ltr'><strong>degentes,</strong></span> <span class='ocrx_word' id='word_1_240' title='bbox 474 2693 584 2735; x_wconf 90' lang='lat' dir='ltr'><strong>munus</strong></span> <span class='ocrx_word' id='word_1_241' title='bbox 603 2674 751 2735; x_wconf 87' lang='lat' dir='ltr'><strong>secretarii</strong></span> <span class='ocrx_word' id='word_1_242' title='bbox 766 2671 913 2751; x_wconf 84' lang='lat' dir='ltr'><strong>praedictae</strong></span> <span class='ocrx_word' id='word_1_243' title='bbox 926 2674 1125 2751; x_wconf 76' lang='lat' dir='ltr'><strong>congregatio·</strong></span> 
     </span>
     <span class='ocr_line' id='line_1_32' title="bbox 115 2757 1123 2838; baseline -0.002 -18"><span class='ocrx_word' id='word_1_244' title='bbox 115 2757 167 2820; x_wconf 89' lang='lat' dir='ltr'><strong>nis</strong></span> <span class='ocrx_word' id='word_1_245' title='bbox 191 2757 314 2817; x_wconf 87' lang='lat' dir='ltr'><strong>Concilii</strong></span> <span class='ocrx_word' id='word_1_246' title='bbox 331 2757 500 2818; x_wconf 85' lang='lat' dir='ltr'><strong>Tridentini</strong></span> <span class='ocrx_word' id='word_1_247' title='bbox 527 2758 699 2838; x_wconf 89' lang='lat' dir='ltr'><strong>interpretis</strong></span> <span class='ocrx_word' id='word_1_248' title='bbox 721 2759 821 2835; x_wconf 84' lang='lat' dir='ltr'><strong>plures</strong></span> <span class='ocrx_word' id='word_1_249' title='bbox 843 2774 935 2817; x_wconf 87' lang='lat' dir='ltr'><strong>annos</strong></span> <span class='ocrx_word' id='word_1_250' title='bbox 954 2757 1123 2829; x_wconf 88' lang='lat' dir='ltr'><strong>abivimus,</strong></span> 
     </span>
     <span class='ocr_line' id='line_1_33' title="bbox 114 2840 1125 2923; baseline 0.004 -23"><span class='ocrx_word' id='word_1_251' title='bbox 114 2841 251 2918; x_wconf 85' lang='lat' dir='ltr'><strong>aliosque</strong></span> <span class='ocrx_word' id='word_1_252' title='bbox 267 2859 330 2900; x_wconf 92' lang='lat' dir='ltr'><strong>non</strong></span> <span class='ocrx_word' id='word_1_253' title='bbox 348 2860 461 2920; x_wconf 80' lang='lat' dir='ltr'><strong>¹pancos</strong></span> <span class='ocrx_word' id='word_1_254' title='bbox 481 2844 589 2921; x_wconf 91' lang='lat' dir='ltr'><strong>partim</strong></span> <span class='ocrx_word' id='word_1_255' title='bbox 608 2846 640 2903; x_wconf 89' lang='lat' dir='ltr'><strong>in</strong></span> <span class='ocrx_word' id='word_1_256' title='bbox 653 2844 843 2905; x_wconf 79' lang='lat' dir='ltr'><strong>Anconitanoe</strong></span> <span class='ocrx_word' id='word_1_257' title='bbox 857 2840 1046 2918; x_wconf 86' lang='lat' dir='ltr'><strong>cathedralis,</strong></span> <span class='ocrx_word' id='word_1_258' title='bbox 1057 2863 1125 2923; x_wconf 89' lang='lat' dir='ltr'><strong>par·</strong></span> 
     </span>
     <span class='ocr_line' id='line_1_34' title="bbox 113 2924 1124 3007; baseline 0.006 -22"><span class='ocrx_word' id='word_1_259' title='bbox 113 2925 177 2985; x_wconf 89' lang='lat' dir='ltr'><strong>tim</strong></span> <span class='ocrx_word' id='word_1_260' title='bbox 191 2924 223 2984; x_wconf 93' lang='lat' dir='ltr'><strong>in</strong></span> <span class='ocrx_word' id='word_1_261' title='bbox 242 2926 476 3004; x_wconf 88' lang='lat' dir='ltr'><strong>metropolitanae</strong></span> <span class='ocrx_word' id='word_1_262' title='bbox 492 2927 707 3000; x_wconf 88' lang='lat' dir='ltr'><strong>Bononiensis,</strong></span> <span class='ocrx_word' id='word_1_263' title='bbox 728 2928 831 3007; x_wconf 81' lang='lat' dir='ltr'><strong>patrioe</strong></span> <span class='ocrx_word' id='word_1_264' title='bbox 848 2936 954 2994; x_wconf 74' lang='lat' dir='ltr'><strong>nostra</strong></span> <span class='ocrx_word' id='word_1_265' title='bbox 972 2929 1124 2991; x_wconf 87' lang='lat' dir='ltr'><strong>dilectissi-</strong></span> 
     </span>
     <span class='ocr_line' id='line_1_35' title="bbox 113 3008 1124 3097; baseline 0.01 -28"><span class='ocrx_word' id='word_1_266' title='bbox 113 3024 194 3081; x_wconf 78' lang='lat' dir='ltr'><strong>moe,</strong></span> <span class='ocrx_word' id='word_1_267' title='bbox 207 3026 297 3086; x_wconf 92' lang='lat' dir='ltr'><strong>quam</strong></span> <span class='ocrx_word' id='word_1_268' title='bbox 312 3008 409 3072; x_wconf 85' lang='lat' dir='ltr'><strong>adhuc</strong></span> <span class='ocrx_word' id='word_1_269' title='bbox 427 3010 608 3083; x_wconf 87' lang='lat' dir='ltr'><strong>retinemus,</strong></span> <span class='ocrx_word' id='word_1_270' title='bbox 623 3013 836 3092; x_wconf 78' lang='lat' dir='ltr'><strong>gubernatione</strong></span> <span class='ocrx_word' id='word_1_271' title='bbox 851 3013 965 3075; x_wconf 76' lang='lat' dir='ltr'><strong>assidui</strong></span> <span class='ocrx_word' id='word_1_272' title='bbox 982 3018 1124 3097; x_wconf 83' lang='lat' dir='ltr'><strong>transegi-</strong></span> 
     </span>
     <span class='ocr_line' id='line_1_36' title="bbox 112 3094 1123 3183; baseline 0.011 -31"><span class='ocrx_word' id='word_1_273' title='bbox 112 3107 208 3171; x_wconf 77' lang='lat' dir='ltr'><strong>mus3</strong></span> <span class='ocrx_word' id='word_1_274' title='bbox 225 3094 469 3182; x_wconf 46' lang='lat' dir='ltr'><strong>non,1iaquam,</strong></span> <span class='ocrx_word' id='word_1_275' title='bbox 483 3113 537 3156; x_wconf 93' lang='lat' dir='ltr'><strong>nos</strong></span> <span class='ocrx_word' id='word_1_276' title='bbox 554 3096 646 3157; x_wconf 90' lang='lat' dir='ltr'><strong>latent</strong></span> <span class='ocrx_word' id='word_1_277' title='bbox 666 3098 837 3177; x_wconf 89' lang='lat' dir='ltr'><strong>multiplicis</strong></span> <span class='ocrx_word' id='word_1_278' title='bbox 859 3099 973 3176; x_wconf 78' lang='lat' dir='ltr'><strong>generis</strong></span> <span class='ocrx_word' id='word_1_279' title='bbox 996 3102 1123 3183; x_wconf 79' lang='lat' dir='ltr'><strong>effugia,</strong></span> 
     </span>
     <span class='ocr_line' id='line_1_37' title="bbox 111 3173 1126 3274; baseline 0.011 -37"><span class='ocrx_word' id='word_1_280' title='bbox 111 3193 175 3258; x_wconf 83' lang='lat' dir='ltr'><strong>per</strong></span> <span class='ocrx_word' id='word_1_281' title='bbox 189 3194 255 3254; x_wconf 80' lang='lat' dir='ltr'><strong>quae</strong></span> <span class='ocrx_word' id='word_1_282' title='bbox 270 3173 405 3274; x_wconf 57' lang='lat' dir='ltr'><strong>nonqilli</strong></span> <span class='ocrx_word' id='word_1_283' title='bbox 423 3181 571 3257; x_wconf 71' lang='lat' dir='ltr'><strong>predictae</strong></span> <span class='ocrx_word' id='word_1_284' title='bbox 592 3181 1020 3264; x_wconf 30' lang='lat' dir='ltr'><strong>obligationislimplementum</strong></span> <span class='ocrx_word' id='word_1_285' title='bbox 1041 3188 1126 3248; x_wconf 86' lang='lat' dir='ltr'><strong>deeli-</strong></span> 
     </span>
     <span class='ocr_line' id='line_1_38' title="bbox 112 3264 1124 3407; baseline 0.009 -89"><span class='ocrx_word' id='word_1_286' title='bbox 112 3278 194 3407; x_wconf 64' lang='lat' dir='ltr'><strong>narp</strong></span> <span class='ocrx_word' id='word_1_287' title='bbox 203 3264 666 3356; x_wconf 49' lang='lat' dir='ltr'><strong>sataguutypuibusqueproinde</strong></span> <span class='ocrx_word' id='word_1_288' title='bbox 677 3266 869 3346; x_wconf 71' lang='lat' dir='ltr'><strong>apportandi</strong></span> <span class='ocrx_word' id='word_1_289' title='bbox 880 3270 1124 3333; x_wconf 89' lang='lat' dir='ltr'><strong>nobisestoocur·</strong></span> 
     </span>
     <span class='ocr_line' id='line_1_39' title="bbox 110 3363 382 3408; baseline -0.004 0"><span class='ocrx_word' id='word_1_290' title='bbox 110 3363 173 3408; x_wconf 85' lang='lat' dir='ltr'><strong>ren</strong></span> <span class='ocrx_word' id='word_1_291' title='bbox 196 3364 258 3407; x_wconf 90' lang='lat' dir='ltr'><strong>um.</strong></span> <span class='ocrx_word' id='word_1_292' title='bbox 378 3383 382 3390; x_wconf 92' lang='lat'><em>·</em></span> 
     </span>
    </p>

    <p class='ocr_par' dir='ltr' id='par_1_4' title="bbox 157 3431 1125 3511">
     <span class='ocr_line' id='line_1_40' title="bbox 157 3431 1125 3511; baseline 0.006 -21"><span class='ocrx_word' id='word_1_293' title='bbox 157 3431 260 3503; x_wconf 82' lang='lat' dir='ltr'><strong>Quum</strong></span> <span class='ocrx_word' id='word_1_294' title='bbox 272 3431 352 3494; x_wconf 88' lang='lat' dir='ltr'><strong>enim</strong></span> <span class='ocrx_word' id='word_1_295' title='bbox 364 3432 483 3496; x_wconf 76' lang='lat' dir='ltr'><strong>siarum</strong></span> <span class='ocrx_word' id='word_1_296' title='bbox 492 3435 699 3499; x_wconf 75' lang='lat' dir='ltr'><strong>&#39;tridentinum</strong></span> <span class='ocrx_word' id='word_1_297' title='bbox 714 3438 894 3511; x_wconf 86' lang='lat' dir='ltr'><strong>Concilium,</strong></span> <span class='ocrx_word' id='word_1_298' title='bbox 907 3456 946 3499; x_wconf 87' lang='lat' dir='ltr'><strong>ne</strong></span> <span class='ocrx_word' id='word_1_299' title='bbox 959 3438 1125 3498; x_wconf 84' lang='lat' dir='ltr'><strong>animarum</strong></span> 
     </span>
    </p>
   </div>
   <div class='ocr_carea' id='block_1_3' title="bbox 112 3513 1126 3656">
    <p class='ocr_par' dir='ltr' id='par_1_5' title="bbox 112 3513 1126 3656">
     <span class='ocr_line' id='line_1_41' title="bbox 112 3513 1126 3656; baseline 0 -75"><span class='ocrx_word' id='word_1_300' title='bbox 112 3513 391 3656; x_wconf 53' lang='lat' dir='ltr'><strong>carpopnaplppiitur‚</strong></span> <span class='ocrx_word' id='word_1_301' title='bbox 405 3537 465 3584; x_wconf 91' lang='lat' dir='ltr'><strong>nou</strong></span> <span class='ocrx_word' id='word_1_302' title='bbox 484 3539 546 3587; x_wconf 91' lang='lat' dir='ltr'><strong>uuo</strong></span> <span class='ocrx_word' id='word_1_303' title='bbox 561 3525 594 3588; x_wconf 90' lang='lat' dir='ltr'><strong>in</strong></span> <span class='ocrx_word' id='word_1_304' title='bbox 610 3524 676 3588; x_wconf 89' lang='lat' dir='ltr'><strong>loeo</strong></span> <span class='ocrx_word' id='word_1_305' title='bbox 692 3525 839 3618; x_wconf 83' lang='lat' dir='ltr'><strong>Episcopis</strong></span> <span class='ocrx_word' id='word_1_306' title='bbox 855 3523 992 3654; x_wconf 55' lang='lat' dir='ltr'><strong>mandep,</strong></span> <span class='ocrx_word' id='word_1_307' title='bbox 1007 3528 1040 3579; x_wconf 89' lang='lat' dir='ltr'><strong>ut</strong></span> <span class='ocrx_word' id='word_1_308' title='bbox 1052 3537 1126 3597; x_wconf 87' lang='lat' dir='ltr'><strong>quo·</strong></span> 
     </span>
    </p>
   </div>
   <div class='ocr_carea' id='block_1_4' title="bbox 0 0 1326 4150">
    <p class='ocr_par' dir='ltr' id='par_1_6' title="bbox 0 0 1326 4150">
     <span class='ocr_line' id='line_1_42' title="bbox 0 0 1326 4150; baseline 0 0"><span class='ocrx_word' id='word_1_309' title='bbox 0 0 1326 4150; x_wconf 95' lang='lat' dir='ltr'><strong> </strong></span> 
     </span>
    </p>
   </div>
  </div>
 </body>
</html>
