<?xml version="1.0" encoding="UTF-8"?>
<!DOCTYPE html PUBLIC "-//W3C//DTD XHTML 1.0 Transitional//EN"
    "http://www.w3.org/TR/xhtml1/DTD/xhtml1-transitional.dtd">
<html xmlns="http://www.w3.org/1999/xhtml" xml:lang="en" lang="en">
 <head>
  <title>
</title>
<meta http-equiv="Content-Type" content="text/html;charset=utf-8" />
  <meta name='ocr-system' content='tesseract 3.04.00' />
  <meta name='ocr-capabilities' content='ocr_page ocr_carea ocr_par ocr_line ocrx_word'/>
</head>
<body>
  <div class='ocr_page' id='page_1' title='image "./theologiamorali01heilgoog_0121.png"; bbox 0 0 2642 4150; ppageno 0'>
   <div class='ocr_carea' id='block_1_1' title="bbox 356 190 1145 275">
    <p class='ocr_par' dir='ltr' id='par_1_1' title="bbox 356 190 1145 275">
     <span class='ocr_line' id='line_1_1' title="bbox 356 190 1145 275; baseline 0.008 -19"><span class='ocrx_word' id='word_1_1' title='bbox 356 249 360 256; x_wconf 90' lang='lat'><strong>.</strong></span> <span class='ocrx_word' id='word_1_2' title='bbox 437 190 514 255; x_wconf 83' lang='lat' dir='ltr'><strong>Pars</strong></span> <span class='ocrx_word' id='word_1_3' title='bbox 530 191 668 255; x_wconf 80' lang='lat' dir='ltr'><strong>secanda.</strong></span> <span class='ocrx_word' id='word_1_4' title='bbox 683 194 780 275; x_wconf 62' lang='lat' dir='ltr'><strong>Caracal</strong></span> <span class='ocrx_word' id='word_1_5' title='bbox 797 195 861 257; x_wconf 73' lang='lat' dir='ltr'><strong>tt·</strong></span> <span class='ocrx_word' id='word_1_6' title='bbox 923 213 928 222; x_wconf 63' lang='lat'>⁴</span> <span class='ocrx_word' id='word_1_7' title='bbox 1086 191 1145 262; x_wconf 70' lang='lat' dir='ltr'><strong>iti</strong></span> 
     </span>
    </p>
   </div>
   <div class='ocr_carea' id='block_1_2' title="bbox 129 294 1151 3071">
    <p class='ocr_par' dir='ltr' id='par_1_2' title="bbox 132 294 1149 634">
     <span class='ocr_line' id='line_1_2' title="bbox 134 294 1145 378; baseline 0.003 -19"><span class='ocrx_word' id='word_1_8' title='bbox 134 298 368 378; x_wconf 77' lang='lat' dir='ltr'><strong>dignoscunturr</strong></span> <span class='ocrx_word' id='word_1_9' title='bbox 382 312 476 373; x_wconf 90' lang='lat' dir='ltr'><strong>quum</strong></span> <span class='ocrx_word' id='word_1_10' title='bbox 485 294 596 365; x_wconf 84' lang='lat' dir='ltr'><strong>scilicet</strong></span> <span class='ocrx_word' id='word_1_11' title='bbox 602 294 672 372; x_wconf 88' lang='lat' dir='ltr'><strong>jure</strong></span> <span class='ocrx_word' id='word_1_12' title='bbox 684 296 763 355; x_wconf 83' lang='lat' dir='ltr'><strong>civili</strong></span> <span class='ocrx_word' id='word_1_13' title='bbox 775 296 876 356; x_wconf 89' lang='lat' dir='ltr'><strong>omnia</strong></span> <span class='ocrx_word' id='word_1_14' title='bbox 887 296 1008 374; x_wconf 88' lang='lat' dir='ltr'><strong>collegia</strong></span> <span class='ocrx_word' id='word_1_15' title='bbox 1017 306 1048 359; x_wconf 89' lang='lat' dir='ltr'><strong>et</strong></span> <span class='ocrx_word' id='word_1_16' title='bbox 1059 301 1145 361; x_wconf 83' lang='lat' dir='ltr'><strong>soda-</strong></span> 
     </span>
     <span class='ocr_line' id='line_1_3' title="bbox 132 373 1143 462; baseline 0.001 -18"><span class='ocrx_word' id='word_1_17' title='bbox 132 385 196 445; x_wconf 90' lang='lat' dir='ltr'><strong>litia</strong></span> <span class='ocrx_word' id='word_1_18' title='bbox 210 392 320 462; x_wconf 74' lang='lat' dir='ltr'><strong>praeter</strong></span> <span class='ocrx_word' id='word_1_19' title='bbox 333 379 484 460; x_wconf 79' lang='lat' dir='ltr'><strong>publicam</strong></span> <span class='ocrx_word' id='word_1_20' title='bbox 505 381 709 440; x_wconf 89' lang='lat' dir='ltr'><strong>auctoritatem</strong></span> <span class='ocrx_word' id='word_1_21' title='bbox 729 373 891 441; x_wconf 85' lang='lat' dir='ltr'><strong>consociata</strong></span> <span class='ocrx_word' id='word_1_22' title='bbox 913 378 1143 458; x_wconf 68' lang='lat' dir='ltr'>prohibeantur,</span> 
     </span>
     <span class='ocr_line' id='line_1_4' title="bbox 134 461 1145 529; baseline 0 -1"><span class='ocrx_word' id='word_1_23' title='bbox 134 477 169 529; x_wconf 89' lang='lat' dir='ltr'><strong>ut</strong></span> <span class='ocrx_word' id='word_1_24' title='bbox 185 467 289 527; x_wconf 83' lang='lat' dir='ltr'><strong>videre</strong></span> <span class='ocrx_word' id='word_1_25' title='bbox 305 466 397 525; x_wconf 88' lang='lat' dir='ltr'><strong>estin</strong></span> <span class='ocrx_word' id='word_1_26' title='bbox 413 461 626 524; x_wconf 86' lang='lat' dir='ltr'><strong>Pandectarum</strong></span> <span class='ocrx_word' id='word_1_27' title='bbox 643 464 722 524; x_wconf 89' lang='lat' dir='ltr'><strong>libro</strong></span> <span class='ocrx_word' id='word_1_28' title='bbox 739 466 856 525; x_wconf 86' lang='lat' dir='ltr'><strong>XLVll.</strong></span> <span class='ocrx_word' id='word_1_29' title='bbox 871 465 919 525; x_wconf 89' lang='lat' dir='ltr'><strong>tit.</strong></span> <span class='ocrx_word' id='word_1_30' title='bbox 933 466 1026 525; x_wconf 92' lang='lat' dir='ltr'><strong>XXll.</strong></span> <span class='ocrx_word' id='word_1_31' title='bbox 1039 465 1075 527; x_wconf 83' lang='lat' dir='ltr'><strong>de</strong></span> <span class='ocrx_word' id='word_1_32' title='bbox 1086 465 1145 528; x_wconf 81' lang='lat' dir='ltr'><strong>coi·</strong></span> 
     </span>
     <span class='ocr_line' id='line_1_5' title="bbox 135 544 1149 634; baseline 0.005 -22"><span class='ocrx_word' id='word_1_33' title='bbox 135 551 219 634; x_wconf 79' lang='lat' dir='ltr'><strong>legiis</strong></span> <span class='ocrx_word' id='word_1_34' title='bbox 241 571 277 612; x_wconf 87' lang='lat' dir='ltr'><strong>aa</strong></span> <span class='ocrx_word' id='word_1_35' title='bbox 298 547 470 629; x_wconf 73' lang='lat' dir='ltr'><strong><em>corporibus</em></strong></span> <span class='ocrx_word' id='word_1_36' title='bbox 488 544 602 609; x_wconf 80' lang='lat' dir='ltr'><strong>illicitis</strong></span> <span class='ocrx_word' id='word_1_37' title='bbox 622 558 652 609; x_wconf 87' lang='lat' dir='ltr'><strong>et</strong></span> <span class='ocrx_word' id='word_1_38' title='bbox 674 550 705 609; x_wconf 93' lang='lat' dir='ltr'><strong>in</strong></span> <span class='ocrx_word' id='word_1_39' title='bbox 729 551 836 610; x_wconf 80' lang='lat' dir='ltr'><strong>celebri</strong></span> <span class='ocrx_word' id='word_1_40' title='bbox 860 550 981 629; x_wconf 88' lang='lat' dir='ltr'><strong>epistola</strong></span> <span class='ocrx_word' id='word_1_41' title='bbox 1000 553 1032 613; x_wconf 84' lang='lat' dir='ltr'><strong>C.</strong></span> <span class='ocrx_word' id='word_1_42' title='bbox 1048 552 1149 617; x_wconf 79' lang='lat' dir='ltr'><strong>Plinii</strong></span> 
     </span>
    </p>

    <p class='ocr_par' dir='ltr' id='par_1_3' title="bbox 135 632 1145 1460">
     <span class='ocr_line' id='line_1_6' title="bbox 139 632 1145 713; baseline -0.001 -14"><span class='ocrx_word' id='word_1_43' title='bbox 139 633 253 699; x_wconf 79' lang='lat' dir='ltr'><strong>Caecilii</strong></span> <span class='ocrx_word' id='word_1_44' title='bbox 265 632 414 704; x_wconf 82' lang='lat' dir='ltr'><strong>Secundi,</strong></span> <span class='ocrx_word' id='word_1_45' title='bbox 433 651 499 710; x_wconf 82' lang='lat' dir='ltr'><strong>quae</strong></span> <span class='ocrx_word' id='word_1_46' title='bbox 518 643 563 692; x_wconf 89' lang='lat' dir='ltr'><strong>est</strong></span> <span class='ocrx_word' id='word_1_47' title='bbox 580 634 698 693; x_wconf 86' lang='lat' dir='ltr'><strong>XCVll.</strong></span> <span class='ocrx_word' id='word_1_48' title='bbox 718 634 772 694; x_wconf 92' lang='lat' dir='ltr'><strong>lib.</strong></span> <span class='ocrx_word' id='word_1_49' title='bbox 791 636 829 695; x_wconf 88' lang='lat' dir='ltr'><strong>X.</strong></span> <span class='ocrx_word' id='word_1_50' title='bbox 845 637 948 713; x_wconf 86' lang='lat' dir='ltr'><strong>inqua</strong></span> <span class='ocrx_word' id='word_1_51' title='bbox 968 639 1027 709; x_wconf 91' lang='lat' dir='ltr'><strong>ait,</strong></span> <span class='ocrx_word' id='word_1_52' title='bbox 1049 637 1145 698; x_wconf 84' lang='lat' dir='ltr'><strong>edicto</strong></span> 
     </span>
     <span class='ocr_line' id='line_1_7' title="bbox 136 718 1145 796; baseline 0.002 -14"><span class='ocrx_word' id='word_1_53' title='bbox 136 740 191 783; x_wconf 92' lang='lat' dir='ltr'><strong>suo</strong></span> <span class='ocrx_word' id='word_1_54' title='bbox 200 718 366 781; x_wconf 75' lang='lat' dir='ltr'><strong>seeundum</strong></span> <span class='ocrx_word' id='word_1_55' title='bbox 374 718 561 796; x_wconf 86' lang='lat' dir='ltr'><strong>imperatoris</strong></span> <span class='ocrx_word' id='word_1_56' title='bbox 575 718 710 778; x_wconf 88' lang='lat' dir='ltr'><strong>mandata</strong></span> <span class='ocrx_word' id='word_1_57' title='bbox 723 720 849 779; x_wconf 87' lang='lat' dir='ltr'><strong>vetitum</strong></span> <span class='ocrx_word' id='word_1_58' title='bbox 865 719 953 781; x_wconf 85' lang='lat' dir='ltr'><strong>luisse</strong></span> <span class='ocrx_word' id='word_1_59' title='bbox 963 724 1097 783; x_wconf 81' lang='lat' dir='ltr'><strong>Hetaeriae</strong></span> <span class='ocrx_word' id='word_1_60' title='bbox 1106 740 1145 784; x_wconf 86' lang='lat' dir='ltr'><strong>nc</strong></span> 
     </span>
     <span class='ocr_line' id='line_1_8' title="bbox 136 803 1145 886; baseline 0.001 -20"><span class='ocrx_word' id='word_1_61' title='bbox 136 814 247 881; x_wconf 93' lang='lat' dir='ltr'><strong>csscnt,</strong></span> <span class='ocrx_word' id='word_1_62' title='bbox 263 806 295 865; x_wconf 87' lang='lat' dir='ltr'><strong>id</strong></span> <span class='ocrx_word' id='word_1_63' title='bbox 309 812 356 865; x_wconf 89' lang='lat' dir='ltr'><strong>est</strong></span> <span class='ocrx_word' id='word_1_64' title='bbox 367 847 375 874; x_wconf 93' lang='lat'><strong>,</strong></span> <span class='ocrx_word' id='word_1_65' title='bbox 386 821 425 861; x_wconf 94' lang='lat' dir='ltr'><strong>ne</strong></span> <span class='ocrx_word' id='word_1_66' title='bbox 436 803 588 864; x_wconf 87' lang='lat' dir='ltr'><strong>societates</strong></span> <span class='ocrx_word' id='word_1_67' title='bbox 597 811 626 863; x_wconf 92' lang='lat' dir='ltr'><strong>ct</strong></span> <span class='ocrx_word' id='word_1_68' title='bbox 637 812 798 863; x_wconf 85' lang='lat' dir='ltr'><strong>conventus</strong></span> <span class='ocrx_word' id='word_1_69' title='bbox 808 805 871 864; x_wconf 90' lang='lat' dir='ltr'><strong>sine</strong></span> <span class='ocrx_word' id='word_1_70' title='bbox 887 807 1030 886; x_wconf 89' lang='lat' dir='ltr'><strong>principis</strong></span> <span class='ocrx_word' id='word_1_71' title='bbox 1043 815 1145 868; x_wconf 87' lang='lat' dir='ltr'><strong>aucto·</strong></span> 
     </span>
     <span class='ocr_line' id='line_1_9' title="bbox 135 887 1145 972; baseline 0.003 -21"><span class='ocrx_word' id='word_1_72' title='bbox 135 890 224 951; x_wconf 88' lang='lat' dir='ltr'><strong>ritate</strong></span> <span class='ocrx_word' id='word_1_73' title='bbox 238 891 309 951; x_wconf 90' lang='lat' dir='ltr'><strong>iniri</strong></span> <span class='ocrx_word' id='word_1_74' title='bbox 330 897 360 949; x_wconf 91' lang='lat' dir='ltr'><strong>ct</strong></span> <span class='ocrx_word' id='word_1_75' title='bbox 376 887 481 948; x_wconf 87' lang='lat' dir='ltr'><strong>baberi</strong></span> <span class='ocrx_word' id='word_1_76' title='bbox 500 897 629 964; x_wconf 76' lang='lat' dir='ltr'><strong>possent.</strong></span> <span class='ocrx_word' id='word_1_77' title='bbox 643 889 752 961; x_wconf 85' lang='lat' dir='ltr'><strong>Quinta</strong></span> <span class='ocrx_word' id='word_1_78' title='bbox 768 897 812 949; x_wconf 89' lang='lat' dir='ltr'><strong>cst</strong></span> <span class='ocrx_word' id='word_1_79' title='bbox 820 934 830 965; x_wconf 91' lang='lat'><strong>,</strong></span> <span class='ocrx_word' id='word_1_80' title='bbox 846 889 927 967; x_wconf 85' lang='lat' dir='ltr'><strong>qubd</strong></span> <span class='ocrx_word' id='word_1_81' title='bbox 945 891 1008 968; x_wconf 89' lang='lat' dir='ltr'><strong>jam</strong></span> <span class='ocrx_word' id='word_1_82' title='bbox 1028 893 1060 953; x_wconf 94' lang='lat' dir='ltr'><strong>in</strong></span> <span class='ocrx_word' id='word_1_83' title='bbox 1075 893 1145 972; x_wconf 93' lang='lat' dir='ltr'><strong>plu·</strong></span> 
     </span>
     <span class='ocr_line' id='line_1_10' title="bbox 136 974 1145 1052; baseline 0.003 -17"><span class='ocrx_word' id='word_1_84' title='bbox 136 975 220 1044; x_wconf 88' lang='lat' dir='ltr'><strong>ribus</strong></span> <span class='ocrx_word' id='word_1_85' title='bbox 236 974 408 1052; x_wconf 78' lang='lat' dir='ltr'><strong>regionibus</strong></span> <span class='ocrx_word' id='word_1_86' title='bbox 428 982 597 1033; x_wconf 78' lang='lat' dir='ltr'><strong>memoratae</strong></span> <span class='ocrx_word' id='word_1_87' title='bbox 608 974 761 1033; x_wconf 78' lang='lat' dir='ltr'><strong>societates</strong></span> <span class='ocrx_word' id='word_1_88' title='bbox 773 982 803 1032; x_wconf 92' lang='lat' dir='ltr'><strong>et</strong></span> <span class='ocrx_word' id='word_1_89' title='bbox 816 976 1036 1052; x_wconf 89' lang='lat' dir='ltr'><strong>aggregationes</strong></span> <span class='ocrx_word' id='word_1_90' title='bbox 1053 994 1145 1038; x_wconf 74' lang='lat' dir='ltr'><strong>secu·</strong></span> 
     </span>
     <span class='ocr_line' id='line_1_11' title="bbox 137 1056 1142 1137; baseline 0.001 -17"><span class='ocrx_word' id='word_1_91' title='bbox 137 1061 248 1120; x_wconf 85' lang='lat' dir='ltr'><strong>larium</strong></span> <span class='ocrx_word' id='word_1_92' title='bbox 259 1060 426 1137; x_wconf 79' lang='lat' dir='ltr'><strong>principum</strong></span> <span class='ocrx_word' id='word_1_93' title='bbox 436 1056 549 1134; x_wconf 88' lang='lat' dir='ltr'><strong>legibus</strong></span> <span class='ocrx_word' id='word_1_94' title='bbox 559 1057 730 1135; x_wconf 80' lang='lat' dir='ltr'><strong>proscriptae</strong></span> <span class='ocrx_word' id='word_1_95' title='bbox 739 1065 827 1135; x_wconf 89' lang='lat' dir='ltr'><strong>atque</strong></span> <span class='ocrx_word' id='word_1_96' title='bbox 839 1058 999 1120; x_wconf 87' lang='lat' dir='ltr'><strong>eliminatae</strong></span> <span class='ocrx_word' id='word_1_97' title='bbox 1010 1060 1142 1123; x_wconf 78' lang='lat' dir='ltr'><strong>suerunt.</strong></span> 
     </span>
     <span class='ocr_line' id='line_1_12' title="bbox 140 1140 1145 1221; baseline 0.003 -18"><span class='ocrx_word' id='word_1_98' title='bbox 140 1144 250 1203; x_wconf 89' lang='lat' dir='ltr'><strong>Ultima</strong></span> <span class='ocrx_word' id='word_1_99' title='bbox 265 1142 403 1213; x_wconf 77' lang='lat' dir='ltr'><strong>demum,</strong></span> <span class='ocrx_word' id='word_1_100' title='bbox 416 1140 495 1218; x_wconf 86' lang='lat' dir='ltr'><strong>qubd</strong></span> <span class='ocrx_word' id='word_1_101' title='bbox 508 1142 587 1218; x_wconf 82' lang='lat' dir='ltr'><strong>apud</strong></span> <span class='ocrx_word' id='word_1_102' title='bbox 599 1141 759 1220; x_wconf 78' lang='lat' dir='ltr'><strong>prudentes</strong></span> <span class='ocrx_word' id='word_1_103' title='bbox 776 1150 806 1201; x_wconf 92' lang='lat' dir='ltr'><strong>et</strong></span> <span class='ocrx_word' id='word_1_104' title='bbox 818 1143 927 1221; x_wconf 94' lang='lat' dir='ltr'><strong>probos</strong></span> <span class='ocrx_word' id='word_1_105' title='bbox 939 1145 1019 1204; x_wconf 87' lang='lat' dir='ltr'><strong>viros</strong></span> <span class='ocrx_word' id='word_1_106' title='bbox 1034 1145 1145 1206; x_wconf 63' lang='lat' dir='ltr'><strong>wdem</strong></span> 
     </span>
     <span class='ocr_line' id='line_1_13' title="bbox 137 1224 1144 1307; baseline 0.001 -18"><span class='ocrx_word' id='word_1_107' title='bbox 137 1228 289 1289; x_wconf 68' lang='lat' dir='ltr'><strong>societates</strong></span> <span class='ocrx_word' id='word_1_108' title='bbox 301 1235 331 1287; x_wconf 88' lang='lat' dir='ltr'><strong>et</strong></span> <span class='ocrx_word' id='word_1_109' title='bbox 345 1226 567 1306; x_wconf 86' lang='lat' dir='ltr'><strong>aggregationcs</strong></span> <span class='ocrx_word' id='word_1_110' title='bbox 586 1224 664 1285; x_wconf 76' lang='lat' dir='ltr'><strong>male</strong></span> <span class='ocrx_word' id='word_1_111' title='bbox 681 1225 836 1297; x_wconf 86' lang='lat' dir='ltr'><strong>audirent,</strong></span> <span class='ocrx_word' id='word_1_112' title='bbox 849 1244 1012 1307; x_wconf 91' lang='lat' dir='ltr'><strong>eorumque</strong></span> <span class='ocrx_word' id='word_1_113' title='bbox 1029 1227 1144 1307; x_wconf 80' lang='lat' dir='ltr'><strong>judicio</strong></span> 
     </span>
     <span class='ocr_line' id='line_1_14' title="bbox 135 1312 1145 1392; baseline 0.005 -19"><span class='ocrx_word' id='word_1_114' title='bbox 135 1315 321 1391; x_wconf 86' lang='lat' dir='ltr'><strong>quicumque</strong></span> <span class='ocrx_word' id='word_1_115' title='bbox 334 1312 445 1372; x_wconf 89' lang='lat' dir='ltr'><strong>eisdem</strong></span> <span class='ocrx_word' id='word_1_116' title='bbox 456 1312 577 1374; x_wconf 87' lang='lat' dir='ltr'><strong>nomino</strong></span> <span class='ocrx_word' id='word_1_117' title='bbox 591 1312 716 1384; x_wconf 88' lang='lat' dir='ltr'><strong>darant,</strong></span> <span class='ocrx_word' id='word_1_118' title='bbox 732 1312 885 1390; x_wconf 85' lang='lat' dir='ltr'><strong>pravitatis</strong></span> <span class='ocrx_word' id='word_1_119' title='bbox 903 1321 934 1373; x_wconf 90' lang='lat' dir='ltr'><strong>ct</strong></span> <span class='ocrx_word' id='word_1_120' title='bbox 949 1316 1145 1392; x_wconf 80' lang='lat' dir='ltr'><strong>perversionis</strong></span> 
     </span>
     <span class='ocr_line' id='line_1_15' title="bbox 137 1397 455 1460; baseline -0.009 -2"><span class='ocrx_word' id='word_1_121' title='bbox 137 1407 245 1460; x_wconf 87' lang='lat' dir='ltr'><strong>notam</strong></span> <span class='ocrx_word' id='word_1_122' title='bbox 259 1397 455 1457; x_wconf 80' lang='lat' dir='ltr'><strong>incurrerent.</strong></span> 
     </span>
    </p>

    <p class='ocr_par' dir='ltr' id='par_1_4' title="bbox 137 1479 1149 1814">
     <span class='ocr_line' id='line_1_16' title="bbox 181 1479 1149 1564; baseline 0.008 -26"><span class='ocrx_word' id='word_1_123' title='bbox 181 1479 319 1558; x_wconf 88' lang='lat' dir='ltr'><strong>Denique</strong></span> <span class='ocrx_word' id='word_1_124' title='bbox 333 1480 408 1541; x_wconf 89' lang='lat' dir='ltr'><strong>idem</strong></span> <span class='ocrx_word' id='word_1_125' title='bbox 422 1480 619 1559; x_wconf 70' lang='lat' dir='ltr'><strong>predecessor</strong></span> <span class='ocrx_word' id='word_1_126' title='bbox 631 1481 662 1542; x_wconf 90' lang='lat' dir='ltr'><strong>in</strong></span> <span class='ocrx_word' id='word_1_127' title='bbox 675 1481 846 1560; x_wconf 80' lang='lat' dir='ltr'><strong>preinserta</strong></span> <span class='ocrx_word' id='word_1_128' title='bbox 859 1479 1068 1544; x_wconf 88' lang='lat' dir='ltr'><strong>constitutione</strong></span> <span class='ocrx_word' id='word_1_129' title='bbox 1078 1485 1149 1564; x_wconf 80' lang='lat' dir='ltr'><strong>Epi·</strong></span> 
     </span>
     <span class='ocr_line' id='line_1_17' title="bbox 142 1565 1147 1646; baseline 0.003 -20"><span class='ocrx_word' id='word_1_130' title='bbox 142 1581 249 1641; x_wconf 92' lang='lat' dir='ltr'><strong>scopos</strong></span> <span class='ocrx_word' id='word_1_131' title='bbox 270 1571 301 1624; x_wconf 91' lang='lat' dir='ltr'><strong>et</strong></span> <span class='ocrx_word' id='word_1_132' title='bbox 321 1569 484 1644; x_wconf 84' lang='lat' dir='ltr'><strong>superiores</strong></span> <span class='ocrx_word' id='word_1_133' title='bbox 507 1565 646 1646; x_wconf 80' lang='lat' dir='ltr'><strong>praelatos</strong></span> <span class='ocrx_word' id='word_1_134' title='bbox 668 1566 799 1643; x_wconf 87' lang='lat' dir='ltr'><strong>aliosque</strong></span> <span class='ocrx_word' id='word_1_135' title='bbox 821 1566 955 1625; x_wconf 88' lang='lat' dir='ltr'><strong>locorum</strong></span> <span class='ocrx_word' id='word_1_136' title='bbox 974 1566 1147 1630; x_wconf 79' lang='lat' dir='ltr'><strong>ordinarios</strong></span> 
     </span>
     <span class='ocr_line' id='line_1_18' title="bbox 139 1649 1147 1730; baseline 0.006 -20"><span class='ocrx_word' id='word_1_137' title='bbox 139 1650 266 1720; x_wconf 81' lang='lat' dir='ltr'><strong>excitat,</strong></span> <span class='ocrx_word' id='word_1_138' title='bbox 283 1657 317 1708; x_wconf 91' lang='lat' dir='ltr'><strong>ut</strong></span> <span class='ocrx_word' id='word_1_139' title='bbox 328 1667 383 1728; x_wconf 88' lang='lat' dir='ltr'><strong>pro</strong></span> <span class='ocrx_word' id='word_1_140' title='bbox 394 1650 474 1709; x_wconf 91' lang='lat' dir='ltr'><strong>iilius</strong></span> <span class='ocrx_word' id='word_1_141' title='bbox 485 1650 657 1711; x_wconf 88' lang='lat' dir='ltr'><strong>executione</strong></span> <span class='ocrx_word' id='word_1_142' title='bbox 671 1650 706 1729; x_wconf 86' lang='lat' dir='ltr'><strong>(si</strong></span> <span class='ocrx_word' id='word_1_143' title='bbox 720 1668 794 1729; x_wconf 89' lang='lat' dir='ltr'><strong>opus</strong></span> <span class='ocrx_word' id='word_1_144' title='bbox 809 1650 911 1730; x_wconf 82' lang='lat' dir='ltr'><strong>suerit)</strong></span> <span class='ocrx_word' id='word_1_145' title='bbox 928 1649 1040 1713; x_wconf 90' lang='lat' dir='ltr'><strong>bracbii</strong></span> <span class='ocrx_word' id='word_1_146' title='bbox 1055 1671 1147 1716; x_wconf 77' lang='lat' dir='ltr'><strong>sccu-</strong></span> 
     </span>
     <span class='ocr_line' id='line_1_19' title="bbox 137 1733 854 1814; baseline 0 -19"><span class='ocrx_word' id='word_1_147' title='bbox 137 1733 210 1796; x_wconf 87' lang='lat' dir='ltr'><strong>laris</strong></span> <span class='ocrx_word' id='word_1_148' title='bbox 225 1734 370 1794; x_wconf 84' lang='lat' dir='ltr'><strong>auxilium</strong></span> <span class='ocrx_word' id='word_1_149' title='bbox 390 1733 527 1796; x_wconf 86' lang='lat' dir='ltr'><strong>iuvocare</strong></span> <span class='ocrx_word' id='word_1_150' title='bbox 541 1753 601 1796; x_wconf 91' lang='lat' dir='ltr'><strong>nan</strong></span> <span class='ocrx_word' id='word_1_151' title='bbox 617 1736 854 1814; x_wconf 71' lang='lat' dir='ltr'><strong>pretermittant.</strong></span> 
     </span>
    </p>

    <p class='ocr_par' dir='ltr' id='par_1_5' title="bbox 129 1820 1151 3071">
     <span class='ocr_line' id='line_1_20' title="bbox 153 1820 1147 1903; baseline 0.007 -24"><span class='ocrx_word' id='word_1_152' title='bbox 153 1867 156 1872; x_wconf 91' lang='lat'><strong>.</strong></span> <span class='ocrx_word' id='word_1_153' title='bbox 178 1821 252 1893; x_wconf 81' lang='lat' dir='ltr'><strong>Quae</strong></span> <span class='ocrx_word' id='word_1_154' title='bbox 270 1821 369 1881; x_wconf 91' lang='lat' dir='ltr'><strong>omnia</strong></span> <span class='ocrx_word' id='word_1_155' title='bbox 394 1830 424 1881; x_wconf 92' lang='grc' dir='ltr'><strong>ει</strong></span> <span class='ocrx_word' id='word_1_156' title='bbox 441 1822 555 1900; x_wconf 87' lang='lat' dir='ltr'><strong>singula</strong></span> <span class='ocrx_word' id='word_1_157' title='bbox 576 1840 636 1882; x_wconf 92' lang='lat' dir='ltr'><strong>non</strong></span> <span class='ocrx_word' id='word_1_158' title='bbox 653 1820 749 1883; x_wconf 82' lang='lat' dir='ltr'><strong>solaim</strong></span> <span class='ocrx_word' id='word_1_159' title='bbox 765 1820 881 1882; x_wconf 76' lang='lat' dir='ltr'><strong>inobis</strong></span> <span class='ocrx_word' id='word_1_160' title='bbox 899 1823 1102 1903; x_wconf 83' lang='lat' dir='ltr'><strong>approbantur</strong></span> <span class='ocrx_word' id='word_1_161' title='bbox 1115 1833 1147 1885; x_wconf 91' lang='lat' dir='ltr'><strong>ct</strong></span> 
     </span>
     <span class='ocr_line' id='line_1_21' title="bbox 139 1904 1147 1986; baseline 0.003 -20"><span class='ocrx_word' id='word_1_162' title='bbox 139 1904 375 1981; x_wconf 87' lang='lat' dir='ltr'><strong>confirmantur,</strong></span> <span class='ocrx_word' id='word_1_163' title='bbox 386 1905 557 1983; x_wconf 90' lang='lat' dir='ltr'><strong>eisdemque</strong></span> <span class='ocrx_word' id='word_1_164' title='bbox 566 1907 763 1967; x_wconf 89' lang='lat' dir='ltr'><strong>ecclesiasticis</strong></span> <span class='ocrx_word' id='word_1_165' title='bbox 774 1907 976 1985; x_wconf 90' lang='lat' dir='ltr'><strong>superioribus</strong></span> <span class='ocrx_word' id='word_1_166' title='bbox 986 1907 1147 1986; x_wconf 71' lang='lat' dir='ltr'><strong>respective</strong></span> 
     </span>
     <span class='ocr_line' id='line_1_22' title="bbox 137 1988 1146 2068; baseline 0.001 -18"><span class='ocrx_word' id='word_1_167' title='bbox 137 1989 387 2051; x_wconf 86' lang='lat' dir='ltr'><strong>commendantur</strong></span> <span class='ocrx_word' id='word_1_168' title='bbox 404 1997 435 2050; x_wconf 87' lang='lat' dir='ltr'><strong>et</strong></span> <span class='ocrx_word' id='word_1_169' title='bbox 459 1988 678 2067; x_wconf 85' lang='lat' dir='ltr'><strong>injunguntur,</strong></span> <span class='ocrx_word' id='word_1_170' title='bbox 701 1989 807 2051; x_wconf 80' lang='lat' dir='ltr'><strong>verbm</strong></span> <span class='ocrx_word' id='word_1_171' title='bbox 827 1990 916 2051; x_wconf 88' lang='lat' dir='ltr'><strong>ctiam</strong></span> <span class='ocrx_word' id='word_1_172' title='bbox 935 2009 989 2051; x_wconf 85' lang='lat' dir='ltr'><strong>nos</strong></span> <span class='ocrx_word' id='word_1_173' title='bbox 1012 1992 1068 2067; x_wconf 93' lang='lat' dir='ltr'><strong>ipsi</strong></span> <span class='ocrx_word' id='word_1_174' title='bbox 1091 2008 1146 2068; x_wconf 88' lang='lat' dir='ltr'><strong>pro</strong></span> 
     </span>
     <span class='ocr_line' id='line_1_23' title="bbox 137 2074 1148 2156; baseline 0 -21"><span class='ocrx_word' id='word_1_175' title='bbox 137 2076 307 2154; x_wconf 77' lang='lat' dir='ltr'><strong>apostolicae</strong></span> <span class='ocrx_word' id='word_1_176' title='bbox 332 2075 538 2137; x_wconf 88' lang='lat' dir='ltr'><strong>sollicitudinis</strong></span> <span class='ocrx_word' id='word_1_177' title='bbox 563 2074 659 2137; x_wconf 88' lang='lat' dir='ltr'><strong>cilicio</strong></span> <span class='ocrx_word' id='word_1_178' title='bbox 685 2077 879 2156; x_wconf 70' lang='lat' dir='ltr'><strong>presentibus</strong></span> <span class='ocrx_word' id='word_1_179' title='bbox 906 2076 1016 2136; x_wconf 87' lang='lat' dir='ltr'><strong>nostris</strong></span> <span class='ocrx_word' id='word_1_180' title='bbox 1042 2075 1148 2135; x_wconf 85' lang='lat' dir='ltr'><strong>litteris</strong></span> 
     </span>
     <span class='ocr_line' id='line_1_24' title="bbox 137 2159 1148 2239; baseline -0.001 -18"><span class='ocrx_word' id='word_1_181' title='bbox 137 2159 352 2222; x_wconf 70' lang='lat' dir='ltr'><strong>catholicorum</strong></span> <span class='ocrx_word' id='word_1_182' title='bbox 374 2161 542 2238; x_wconf 88' lang='lat' dir='ltr'><strong>principum</strong></span> <span class='ocrx_word' id='word_1_183' title='bbox 557 2162 751 2239; x_wconf 90' lang='lat' dir='ltr'><strong>omniumque</strong></span> <span class='ocrx_word' id='word_1_184' title='bbox 770 2162 954 2222; x_wconf 86' lang='lat' dir='ltr'><strong>saecularium</strong></span> <span class='ocrx_word' id='word_1_185' title='bbox 969 2167 1148 2238; x_wconf 87' lang='lat' dir='ltr'><strong>potestatum</strong></span> 
     </span>
     <span class='ocr_line' id='line_1_25' title="bbox 137 2245 1148 2324; baseline -0.005 -15"><span class='ocrx_word' id='word_1_186' title='bbox 137 2263 226 2324; x_wconf 88' lang='lat' dir='ltr'><strong>opem</strong></span> <span class='ocrx_word' id='word_1_187' title='bbox 245 2254 276 2307; x_wconf 91' lang='lat' dir='ltr'><strong>ct</strong></span> <span class='ocrx_word' id='word_1_188' title='bbox 295 2245 440 2306; x_wconf 87' lang='lat' dir='ltr'><strong>auxilium</strong></span> <span class='ocrx_word' id='word_1_189' title='bbox 464 2245 559 2323; x_wconf 90' lang='lat' dir='ltr'><strong>quoad</strong></span> <span class='ocrx_word' id='word_1_190' title='bbox 579 2246 798 2324; x_wconf 85' lang='lat' dir='ltr'><strong>praemissarum</strong></span> <span class='ocrx_word' id='word_1_191' title='bbox 821 2245 959 2307; x_wconf 84' lang='lat' dir='ltr'><strong>ellectum</strong></span> <span class='ocrx_word' id='word_1_192' title='bbox 977 2245 1148 2306; x_wconf 82' lang='lat' dir='ltr'><strong>invocamus</strong></span> 
     </span>
     <span class='ocr_line' id='line_1_26' title="bbox 138 2329 1148 2411; baseline 0.002 -21"><span class='ocrx_word' id='word_1_193' title='bbox 138 2338 170 2391; x_wconf 92' lang='lat' dir='ltr'><strong>ct</strong></span> <span class='ocrx_word' id='word_1_194' title='bbox 191 2331 280 2390; x_wconf 88' lang='lat' dir='ltr'><strong>enixo</strong></span> <span class='ocrx_word' id='word_1_195' title='bbox 301 2329 400 2390; x_wconf 90' lang='lat' dir='ltr'><strong>studia</strong></span> <span class='ocrx_word' id='word_1_196' title='bbox 422 2330 631 2408; x_wconf 83' lang='lat' dir='ltr'><strong>requirimus:</strong></span> <span class='ocrx_word' id='word_1_197' title='bbox 653 2349 747 2410; x_wconf 88' lang='lat' dir='ltr'><strong>qaum</strong></span> <span class='ocrx_word' id='word_1_198' title='bbox 769 2332 824 2410; x_wconf 91' lang='lat' dir='ltr'><strong>ipsi</strong></span> <span class='ocrx_word' id='word_1_199' title='bbox 847 2331 976 2411; x_wconf 90' lang='lat' dir='ltr'><strong>supremi</strong></span> <span class='ocrx_word' id='word_1_200' title='bbox 1000 2332 1148 2411; x_wconf 87' lang='lat' dir='ltr'><strong>principes</strong></span> 
     </span>
     <span class='ocr_line' id='line_1_27' title="bbox 139 2413 1148 2493; baseline -0.001 -17"><span class='ocrx_word' id='word_1_201' title='bbox 139 2423 169 2476; x_wconf 94' lang='lat' dir='ltr'><strong>ct</strong></span> <span class='ocrx_word' id='word_1_202' title='bbox 185 2421 344 2493; x_wconf 88' lang='lat' dir='ltr'><strong>potestates</strong></span> <span class='ocrx_word' id='word_1_203' title='bbox 363 2416 447 2475; x_wconf 90' lang='lat' dir='ltr'><strong>electi</strong></span> <span class='ocrx_word' id='word_1_204' title='bbox 467 2413 555 2475; x_wconf 73' lang='lat' dir='ltr'><strong>sinti</strong></span> <span class='ocrx_word' id='word_1_205' title='bbox 570 2417 632 2475; x_wconf 89' lang='lat' dir='ltr'><strong>Dea</strong></span> <span class='ocrx_word' id='word_1_206' title='bbox 652 2415 821 2476; x_wconf 83' lang='lat' dir='ltr'><strong>defensores</strong></span> <span class='ocrx_word' id='word_1_207' title='bbox 834 2416 932 2490; x_wconf 80' lang='lat' dir='ltr'><strong>Fidei,</strong></span> <span class='ocrx_word' id='word_1_208' title='bbox 955 2417 1148 2492; x_wconf 86' lang='lat' dir='ltr'><strong>Ecclesiacquc</strong></span> 
     </span>
     <span class='ocr_line' id='line_1_28' title="bbox 138 2499 1150 2581; baseline -0.003 -20"><span class='ocrx_word' id='word_1_209' title='bbox 138 2509 342 2581; x_wconf 88' lang='lat' dir='ltr'><strong>protectores,</strong></span> <span class='ocrx_word' id='word_1_210' title='bbox 369 2499 494 2578; x_wconf 78' lang='lat' dir='ltr'><strong>ideaque</strong></span> <span class='ocrx_word' id='word_1_211' title='bbox 519 2519 623 2561; x_wconf 91' lang='lat' dir='ltr'><strong>eorum</strong></span> <span class='ocrx_word' id='word_1_212' title='bbox 646 2518 755 2559; x_wconf 90' lang='lat' dir='ltr'><strong>munus</strong></span> <span class='ocrx_word' id='word_1_213' title='bbox 781 2500 819 2559; x_wconf 92' lang='lat' dir='ltr'><strong>sit</strong></span> <span class='ocrx_word' id='word_1_214' title='bbox 844 2500 959 2558; x_wconf 89' lang='lat' dir='ltr'><strong>idoneis</strong></span> <span class='ocrx_word' id='word_1_215' title='bbox 982 2499 1150 2576; x_wconf 89' lang='lat' dir='ltr'><strong>quibusque</strong></span> 
     </span>
     <span class='ocr_line' id='line_1_29' title="bbox 139 2581 1150 2663; baseline -0.005 -17"><span class='ocrx_word' id='word_1_216' title='bbox 139 2585 309 2646; x_wconf 88' lang='lat' dir='ltr'><strong>rationibus</strong></span> <span class='ocrx_word' id='word_1_217' title='bbox 324 2584 453 2645; x_wconf 84' lang='lat' dir='ltr'><strong>efficere</strong></span> <span class='ocrx_word' id='word_1_218' title='bbox 479 2593 513 2645; x_wconf 91' lang='lat' dir='ltr'><strong>ut</strong></span> <span class='ocrx_word' id='word_1_219' title='bbox 538 2585 705 2663; x_wconf 89' lang='lat' dir='ltr'><strong>apostolicis</strong></span> <span class='ocrx_word' id='word_1_220' title='bbox 731 2581 990 2642; x_wconf 89' lang='lat' dir='ltr'><strong>constitutionibus</strong></span> <span class='ocrx_word' id='word_1_221' title='bbox 1015 2581 1150 2642; x_wconf 89' lang='lat' dir='ltr'><strong>debitum</strong></span> 
     </span>
     <span class='ocr_line' id='line_1_30' title="bbox 139 2664 1149 2748; baseline -0.005 -16"><span class='ocrx_word' id='word_1_222' title='bbox 139 2670 318 2748; x_wconf 88' lang='lat' dir='ltr'><strong>obsequium</strong></span> <span class='ocrx_word' id='word_1_223' title='bbox 336 2678 367 2729; x_wconf 92' lang='lat' dir='ltr'><strong>ct</strong></span> <span class='ocrx_word' id='word_1_224' title='bbox 386 2669 555 2729; x_wconf 86' lang='lat' dir='ltr'><strong>omnimoda</strong></span> <span class='ocrx_word' id='word_1_225' title='bbox 575 2666 760 2729; x_wconf 86' lang='lat' dir='ltr'><strong>observantia</strong></span> <span class='ocrx_word' id='word_1_226' title='bbox 772 2674 947 2743; x_wconf 73' lang='lat' dir='ltr'><strong>prestetur,</strong></span> <span class='ocrx_word' id='word_1_227' title='bbox 967 2664 1046 2742; x_wconf 89' lang='lat' dir='ltr'><strong>quod</strong></span> <span class='ocrx_word' id='word_1_228' title='bbox 1066 2666 1101 2725; x_wconf 88' lang='lat' dir='ltr'><strong>iis</strong></span> <span class='ocrx_word' id='word_1_229' title='bbox 1117 2667 1149 2727; x_wconf 91' lang='lat' dir='ltr'><strong>in</strong></span> 
     </span>
     <span class='ocr_line' id='line_1_31' title="bbox 138 2748 1148 2830; baseline -0.003 -15"><span class='ocrx_word' id='word_1_230' title='bbox 138 2753 317 2815; x_wconf 88' lang='lat' dir='ltr'><strong>memoriam</strong></span> <span class='ocrx_word' id='word_1_231' title='bbox 334 2760 512 2813; x_wconf 84' lang='lat' dir='ltr'><strong>revocarunt</strong></span> <span class='ocrx_word' id='word_1_232' title='bbox 529 2752 712 2814; x_wconf 67' lang='lat' dir='ltr'><strong>Tridentium</strong></span> <span class='ocrx_word' id='word_1_233' title='bbox 729 2748 840 2830; x_wconf 89' lang='lat' dir='ltr'><strong>Synodi</strong></span> <span class='ocrx_word' id='word_1_234' title='bbox 857 2750 957 2808; x_wconf 88' lang='lat' dir='ltr'><strong>Patres</strong></span> <span class='ocrx_word' id='word_1_235' title='bbox 972 2766 1042 2809; x_wconf 88' lang='lat' dir='ltr'><strong>sess.</strong></span> <span class='ocrx_word' id='word_1_236' title='bbox 1054 2750 1148 2812; x_wconf 85' lang='lat' dir='ltr'><strong>XXV.</strong></span> 
     </span>
     <span class='ocr_line' id='line_1_32' title="bbox 140 2832 1150 2917; baseline -0.001 -17"><span class='ocrx_word' id='word_1_237' title='bbox 140 2857 205 2917; x_wconf 85' lang='lat' dir='ltr'><strong>cap.</strong></span> <span class='ocrx_word' id='word_1_238' title='bbox 216 2839 285 2898; x_wconf 84' lang='lat' dir='ltr'><strong>XX.</strong></span> <span class='ocrx_word' id='word_1_239' title='bbox 295 2836 449 2916; x_wconf 81' lang='lat' dir='ltr'><strong>multoque</strong></span> <span class='ocrx_word' id='word_1_240' title='bbox 458 2847 542 2898; x_wconf 87' lang='lat' dir='ltr'><strong>antea</strong></span> <span class='ocrx_word' id='word_1_241' title='bbox 555 2835 671 2916; x_wconf 75' lang='lat' dir='ltr'><strong>egregie</strong></span> <span class='ocrx_word' id='word_1_242' title='bbox 680 2832 876 2896; x_wconf 87' lang='lat' dir='ltr'><strong>declaraverat</strong></span> <span class='ocrx_word' id='word_1_243' title='bbox 886 2833 1046 2912; x_wconf 89' lang='lat' dir='ltr'><strong>imperator</strong></span> <span class='ocrx_word' id='word_1_244' title='bbox 1058 2835 1150 2899; x_wconf 82' lang='lat' dir='ltr'><strong>Cara·</strong></span> 
     </span>
     <span class='ocr_line' id='line_1_33' title="bbox 129 2920 1151 3001; baseline 0.004 -19"><span class='ocrx_word' id='word_1_245' title='bbox 129 2920 190 2984; x_wconf 73' lang='lat' dir='ltr'><strong>‘lus</strong></span> <span class='ocrx_word' id='word_1_246' title='bbox 201 2924 336 3001; x_wconf 72' lang='lat' dir='ltr'><strong>Magnas</strong></span> <span class='ocrx_word' id='word_1_247' title='bbox 349 2939 472 2982; x_wconf 90' lang='lat' dir='ltr'><strong>suorum</strong></span> <span class='ocrx_word' id='word_1_248' title='bbox 496 2923 704 3000; x_wconf 81' lang='lat' dir='ltr'><strong>capitularium</strong></span> <span class='ocrx_word' id='word_1_249' title='bbox 722 2921 810 2982; x_wconf 92' lang='lat' dir='ltr'><strong>titulo</strong></span> <span class='ocrx_word' id='word_1_250' title='bbox 822 2922 846 2981; x_wconf 87' lang='lat'><strong>1.</strong></span> <span class='ocrx_word' id='word_1_251' title='bbox 864 2938 928 2998; x_wconf 85' lang='lat' dir='ltr'><strong>cap.</strong></span> <span class='ocrx_word' id='word_1_252' title='bbox 946 2922 984 2982; x_wconf 93' lang='lat' dir='ltr'><strong>ll.</strong></span> <span class='ocrx_word' id='word_1_253' title='bbox 1003 2921 1071 2995; x_wconf 88' lang='lat' dir='ltr'><strong>ubi,</strong></span> <span class='ocrx_word' id='word_1_254' title='bbox 1084 2933 1151 3001; x_wconf 89' lang='lat' dir='ltr'><strong>post</strong></span> 
     </span>
     <span class='ocr_line' id='line_1_34' title="bbox 140 3006 1150 3071; baseline 0.005 -5"><span class='ocrx_word' id='word_1_255' title='bbox 140 3006 350 3067; x_wconf 87' lang='lat' dir='ltr'><strong>demandatam</strong></span> <span class='ocrx_word' id='word_1_256' title='bbox 371 3006 510 3066; x_wconf 90' lang='lat' dir='ltr'><strong>omnibus</strong></span> <span class='ocrx_word' id='word_1_257' title='bbox 531 3007 588 3066; x_wconf 88' lang='lat' dir='ltr'><strong>sibi</strong></span> <span class='ocrx_word' id='word_1_258' title='bbox 606 3007 732 3067; x_wconf 91' lang='lat' dir='ltr'><strong>subditis</strong></span> <span class='ocrx_word' id='word_1_259' title='bbox 749 3007 1008 3068; x_wconf 88' lang='lat' dir='ltr'><strong>ecclesiasticarum</strong></span> <span class='ocrx_word' id='word_1_260' title='bbox 1025 3010 1150 3071; x_wconf 84' lang='lat' dir='ltr'><strong>sanctio-</strong></span> 
     </span>
    </p>
   </div>
   <div class='ocr_carea' id='block_1_3' title="bbox 89 3086 1151 3676">
    <p class='ocr_par' dir='ltr' id='par_1_6' title="bbox 89 3086 1151 3343">
     <span class='ocr_line' id='line_1_35' title="bbox 89 3086 1150 3176; baseline 0.007 -27"><span class='ocrx_word' id='word_1_261' title='bbox 89 3086 94 3091; x_wconf 82' lang='grc'><strong>’</strong></span> <span class='ocrx_word' id='word_1_262' title='bbox 140 3109 215 3150; x_wconf 91' lang='lat' dir='ltr'><strong>num</strong></span> <span class='ocrx_word' id='word_1_263' title='bbox 238 3090 479 3161; x_wconf 84' lang='lat' dir='ltr'><strong>observantiam,</strong></span> <span class='ocrx_word' id='word_1_264' title='bbox 500 3089 562 3151; x_wconf 89' lang='lat' dir='ltr'><strong>haec</strong></span> <span class='ocrx_word' id='word_1_265' title='bbox 584 3091 698 3153; x_wconf 90' lang='lat' dir='ltr'><strong>addidit</strong></span> <span class='ocrx_word' id='word_1_266' title='bbox 714 3114 723 3151; x_wconf 73' lang='grc' dir='ltr'><strong>ι</strong></span> <span class='ocrx_word' id='word_1_267' title='bbox 741 3093 823 3154; x_wconf 86' lang='lat' dir='ltr'><strong>Nam</strong></span> <span class='ocrx_word' id='word_1_268' title='bbox 842 3087 926 3152; x_wconf 81' lang='lat' dir='ltr'><strong>nullo</strong></span> <span class='ocrx_word' id='word_1_269' title='bbox 949 3101 1036 3174; x_wconf 83' lang='lat' dir='ltr'><strong>pacto</strong></span> <span class='ocrx_word' id='word_1_270' title='bbox 1057 3113 1150 3176; x_wconf 80' lang='lat' dir='ltr'><strong>cgno-</strong></span> 
     </span>
     <span class='ocr_line' id='line_1_36' title="bbox 140 3171 1151 3258; baseline 0.002 -23"><span class='ocrx_word' id='word_1_271' title='bbox 140 3191 217 3236; x_wconf 84' lang='lat' dir='ltr'><strong>ccerc</strong></span> <span class='ocrx_word' id='word_1_272' title='bbox 231 3189 410 3256; x_wconf 83' lang='lat' dir='ltr'><strong>possumus,</strong></span> <span class='ocrx_word' id='word_1_273' title='bbox 430 3171 560 3255; x_wconf 81' lang='lat' dir='ltr'><strong>qualiter</strong></span> <span class='ocrx_word' id='word_1_274' title='bbox 576 3175 659 3236; x_wconf 68' lang='lat' dir='ltr'><strong>arabs</strong></span> <span class='ocrx_word' id='word_1_275' title='bbox 678 3173 778 3256; x_wconf 73' lang='lat' dir='ltr'><strong>fideles</strong></span> <span class='ocrx_word' id='word_1_276' title='bbox 794 3175 915 3238; x_wconf 72' lang='lat' dir='ltr'><strong>asistere</strong></span> <span class='ocrx_word' id='word_1_277' title='bbox 933 3187 1075 3258; x_wconf 82' lang='lat' dir='ltr'><strong>possunt,</strong></span> <span class='ocrx_word' id='word_1_278' title='bbox 1096 3179 1151 3257; x_wconf 83' lang='lat' dir='ltr'><strong>qai</strong></span> 
     </span>
     <span class='ocr_line' id='line_1_37' title="bbox 141 3253 1147 3343; baseline -0.004 -24"><span class='ocrx_word' id='word_1_279' title='bbox 141 3260 204 3319; x_wconf 87' lang='lat' dir='ltr'><strong>Deo</strong></span> <span class='ocrx_word' id='word_1_280' title='bbox 227 3253 361 3338; x_wconf 76' lang='lat' dir='ltr'><strong>infideles</strong></span> <span class='ocrx_word' id='word_1_281' title='bbox 380 3265 408 3318; x_wconf 89' lang='lat' dir='ltr'><strong>ct</strong></span> <span class='ocrx_word' id='word_1_282' title='bbox 425 3258 488 3319; x_wconf 84' lang='lat' dir='ltr'><strong>suis</strong></span> <span class='ocrx_word' id='word_1_283' title='bbox 510 3258 707 3321; x_wconf 81' lang='lat' dir='ltr'><strong>sacerdotibus</strong></span> <span class='ocrx_word' id='word_1_284' title='bbox 725 3259 918 3324; x_wconf 80' lang='lat' dir='ltr'><strong>inobedientes</strong></span> <span class='ocrx_word' id='word_1_285' title='bbox 941 3259 1147 3343; x_wconf 82' lang='lat' dir='ltr'><strong>apparuerint.</strong></span> 
     </span>
    </p>

    <p class='ocr_par' dir='ltr' id='par_1_7' title="bbox 141 3341 1151 3676">
     <span class='ocr_line' id='line_1_38' title="bbox 180 3341 1149 3425; baseline -0.005 -23"><span class='ocrx_word' id='word_1_286' title='bbox 180 3344 387 3422; x_wconf 83' lang='lat' dir='ltr'><strong>Quapropter,</strong></span> <span class='ocrx_word' id='word_1_287' title='bbox 401 3343 514 3404; x_wconf 90' lang='lat' dir='ltr'><strong>cunctis</strong></span> <span class='ocrx_word' id='word_1_288' title='bbox 534 3343 682 3405; x_wconf 91' lang='lat' dir='ltr'><strong>ditionum</strong></span> <span class='ocrx_word' id='word_1_289' title='bbox 693 3363 813 3406; x_wconf 88' lang='lat' dir='ltr'><strong>suarum</strong></span> <span class='ocrx_word' id='word_1_290' title='bbox 827 3346 1000 3425; x_wconf 89' lang='lat' dir='ltr'><strong>praesidibus</strong></span> <span class='ocrx_word' id='word_1_291' title='bbox 1018 3353 1049 3402; x_wconf 89' lang='lat' dir='ltr'><strong>et</strong></span> <span class='ocrx_word' id='word_1_292' title='bbox 1061 3341 1149 3400; x_wconf 85' lang='lat' dir='ltr'><strong>mini·</strong></span> 
     </span>
     <span class='ocr_line' id='line_1_39' title="bbox 141 3423 1150 3509; baseline -0.006 -21"><span class='ocrx_word' id='word_1_293' title='bbox 141 3428 212 3489; x_wconf 87' lang='lat' dir='ltr'><strong>stris</strong></span> <span class='ocrx_word' id='word_1_294' title='bbox 229 3427 390 3506; x_wconf 85' lang='lat' dir='ltr'><strong>injungens</strong></span> <span class='ocrx_word' id='word_1_295' title='bbox 407 3435 443 3488; x_wconf 91' lang='lat' dir='ltr'><strong>ut</strong></span> <span class='ocrx_word' id='word_1_296' title='bbox 458 3446 559 3489; x_wconf 90' lang='lat' dir='ltr'><strong>omnes</strong></span> <span class='ocrx_word' id='word_1_297' title='bbox 570 3438 598 3489; x_wconf 91' lang='lat' dir='ltr'><strong>et</strong></span> <span class='ocrx_word' id='word_1_298' title='bbox 611 3430 742 3509; x_wconf 87' lang='lat' dir='ltr'><strong>singulos</strong></span> <span class='ocrx_word' id='word_1_299' title='bbox 753 3430 790 3490; x_wconf 88' lang='lat' dir='ltr'><strong>ad</strong></span> <span class='ocrx_word' id='word_1_300' title='bbox 806 3430 936 3491; x_wconf 86' lang='lat' dir='ltr'><strong>debitam</strong></span> <span class='ocrx_word' id='word_1_301' title='bbox 953 3423 1150 3488; x_wconf 88' lang='lat' dir='ltr'><strong>obedientiam</strong></span> 
     </span>
     <span class='ocr_line' id='line_1_40' title="bbox 141 3504 1150 3592; baseline -0.004 -21"><span class='ocrx_word' id='word_1_302' title='bbox 141 3511 277 3571; x_wconf 84' lang='lat' dir='ltr'><strong>Ecclesiae</strong></span> <span class='ocrx_word' id='word_1_303' title='bbox 291 3511 407 3590; x_wconf 86' lang='lat' dir='ltr'><strong>legibus</strong></span> <span class='ocrx_word' id='word_1_304' title='bbox 420 3513 616 3574; x_wconf 80' lang='lat' dir='ltr'><strong>exhibendam</strong></span> <span class='ocrx_word' id='word_1_305' title='bbox 630 3513 761 3575; x_wconf 85' lang='lat' dir='ltr'><strong>&#39;omninb</strong></span> <span class='ocrx_word' id='word_1_306' title='bbox 783 3514 995 3592; x_wconf 87' lang='lat' dir='ltr'><strong>compellerent</strong></span> <span class='ocrx_word' id='word_1_307' title='bbox 1009 3549 1017 3579; x_wconf 92' lang='lat'><strong>,</strong></span> <span class='ocrx_word' id='word_1_308' title='bbox 1039 3504 1150 3582; x_wconf 86' lang='lat' dir='ltr'><strong>gravis·</strong></span> 
     </span>
     <span class='ocr_line' id='line_1_41' title="bbox 142 3591 1151 3676; baseline -0.005 -22"><span class='ocrx_word' id='word_1_309' title='bbox 142 3595 232 3656; x_wconf 80' lang='lat' dir='ltr'><strong>simas</strong></span> <span class='ocrx_word' id='word_1_310' title='bbox 253 3612 374 3675; x_wconf 90' lang='lat' dir='ltr'><strong>quoque</strong></span> <span class='ocrx_word' id='word_1_311' title='bbox 395 3613 495 3676; x_wconf 77' lang='lat' dir='ltr'><strong>peenas</strong></span> <span class='ocrx_word' id='word_1_312' title='bbox 514 3596 654 3660; x_wconf 77' lang='lat' dir='ltr'><strong>adversis</strong></span> <span class='ocrx_word' id='word_1_313' title='bbox 676 3615 725 3659; x_wconf 90' lang='lat' dir='ltr'><strong>cas</strong></span> <span class='ocrx_word' id='word_1_314' title='bbox 743 3596 851 3657; x_wconf 87' lang='lat' dir='ltr'><strong>indixit</strong></span> <span class='ocrx_word' id='word_1_315' title='bbox 869 3595 920 3672; x_wconf 92' lang='lat' dir='ltr'><strong>qui</strong></span> <span class='ocrx_word' id='word_1_316' title='bbox 940 3591 996 3651; x_wconf 87' lang='lat' dir='ltr'><strong>boc</strong></span> <span class='ocrx_word' id='word_1_317' title='bbox 1013 3596 1151 3668; x_wconf 84' lang='lat' dir='ltr'><strong>praestare</strong></span> 
     </span>
    </p>
   </div>
   <div class='ocr_carea' id='block_1_4' title="bbox 0 0 1334 4150">
    <p class='ocr_par' dir='ltr' id='par_1_8' title="bbox 0 0 1334 4150">
     <span class='ocr_line' id='line_1_42' title="bbox 0 0 1334 4150; baseline 0 0"><span class='ocrx_word' id='word_1_318' title='bbox 0 0 1334 4150; x_wconf 95' lang='lat' dir='ltr'><strong> </strong></span> 
     </span>
    </p>
   </div>
  </div>
 </body>
</html>
