2642 4150
334 164 381 225 Dc
392 161 587 243 prohibitione
599 160 753 223 libroruin.
771 164 867 242 Copet
877 167 895 225 1
900 166 934 226 V.
1071 169 1124 229 95!

132 276 166 331 ut
180 272 304 345 apparet
326 283 361 323 cx
380 262 580 339 prohibitione
597 261 743 321 llbrorum
763 263 831 323 Arii
842 265 999 323 vetitorum
1015 265 1031 325 b
1054 268 1128 326 Cou-

126 357 275 419 stuutino,
288 346 418 407 Nestorii
425 345 441 404 i
458 344 614 406 Tbcooloaio
621 390 630 419 ,
639 345 800 424 Porphyrii
810 345 1022 417 blusteniono,
1034 351 1128 427 Entp-

128 435 252 497 clretisoi
270 427 479 492 Valentiniano
500 435 530 487 et
545 430 720 497 abortione,
738 425 853 507 Pelopii
870 429 907 488 ab
923 431 1073 499 Honorio,
1097 449 1130 492 aa

128 518 248 578 tomlem
270 510 537 574 Luthcraoorumd
564 507 669 569 Corbio
692 512 727 570 V.
752 514 813 570 Nee
837 512 893 571 nisi
922 513 1027 571 sacculo
1046 515 1127 572 Xlll.

61 654 64 660 .
132 599 290 660 Ecclesiam
308 593 383 653 haue
402 593 637 667 jurisdictionem
661 594 816 672 usurpbsse
833 604 1130 671 asserunt3tcmpore

129 701 189 759 quo
213 682 244 740 iu
268 677 392 737 coneilio
407 677 549 735 Tolosauo
560 677 654 753 prime
668 677 731 736 vice
751 676 812 754 ipsa
826 677 962 738 fidelibus
976 679 1130 739 interdixit

125 766 218 824 noerae
235 762 394 838 Scripturoe
414 760 576 819 lectionem.

164 849 234 908 Xll.
247 845 461 922 Respondctur.
475 844 539 903 iam
559 843 646 922 suprb
660 844 730 922 Cap.
746 846 784 904 ll.
804 854 835 905 et
851 848 903 906 ΙΙΙ.
917 848 986 907 satis
1008 848 1128 910 eviden-

127 939 173 991 ter
192 939 341 989 ostensum
359 935 421 1003 est,
443 926 479 985 ad
498 926 652 986 Ecclesiam
672 928 818 1004 praecipue
843 930 992 1006 pertinere
1014 932 1126 1004 libros,

123 1014 180 1090 qui
193 1011 286 1071 fidem
301 1011 346 1069 vel
358 1027 454 1070 mores
470 1009 643 1086 offendunt,
662 1009 836 1087 prohibere,
848 1011 914 1073 ciam
928 1014 984 1091 ipsi
996 1017 1129 1077 Ecclesiae

129 1092 281 1172 praecipue
298 1094 447 1153 incumbat
459 1111 526 1153 ovas
543 1112 608 1172 suas
624 1092 641 1153 b
659 1096 809 1153 venenatis
829 1099 941 1173 pascuis
954 1099 1126 1169 bernowino,

130 1188 161 1240 et
177 1177 253 1236 hauc
261 1176 494 1251 jurisdictionem
508 1176 570 1253 ‘jam
584 1175 600 1235 b
614 1178 719 1255 primis
730 1179 841 1237 seculis
857 1180 1019 1239 innumeris
1030 1199 1129 1241 erem·

129 1264 188 1342 plis
203 1260 467 1320 demonstravimus
487 1277 602 1337 semper
626 1261 789 1335 exercuisse
806 1262 998 1322 interdicendi
1016 1275 1044 1323 et
1057 1282 1128 1326 eon·

130 1344 279 1406 cremandi
294 1343 385 1402 libros
402 1362 503 1403 uoeuae
524 1345 678 1414 lectionis,
694 1346 764 1422 ipsis
776 1344 943 1404 videntibus
953 1356 983 1405 et
995 1367 1129 1426 compro-

129 1429 267 1491 bantibus
281 1427 336 1503 piis
348 1427 542 1503 principibus.
558 1428 643 1499 Qubd
664 1429 688 1486 si
706 1427 862 1506 aliquando
881 1430 1026 1506 principes
1038 1432 1129 1491 libros

127 1512 198 1573 fidei
214 1510 405 1569 autmorihus
418 1512 553 1570 adversos
564 1513 815 1588 proscripserunt,
828 1520 879 1570 aut
893 1515 1127 1586 concremabunt,

130 1595 187 1653 buo
207 1595 337 1653 lecerunt
357 1595 393 1651 ad
410 1595 582 1671 petitionem
595 1596 745 1664 Ecclesia,
759 1605 794 1654 ut
812 1595 864 1658 sud
884 1606 1025 1673 potestate
1046 1601 1129 1656 ‹fodr-

129 1688 229 1739 ucrent
247 1688 404 1738 renuentes
417 1679 548 1738 Ecclesioe
560 1679 720 1738 canonibus
733 1697 765 1738 se
778 1679 939 1755 subjicere,
955 1691 1043 1757 prout
1058 1683 1129 1742 Con·

129 1760 279 1821 eiuratione
304 1779 340 1819 ex
366 1771 510 1839 proeecpto
531 1764 645 1822 concilii
666 1763 776 1823 Nicaeui
803 1765 911 1841 scripta
929 1763 996 1823 Arii
1014 1766 1125 1828 aboleri

130 1846 288 1905 mandavit.
319 1843 477 1924 raptione.
513 1844 547 1905 de
575 1846 640 1906 bon.
674 1854 703 1906 et
728 1846 800 1906 mol.
828 1843 850 1906 l.
879 1866 910 1926 p.
934 1850 963 1907 3.
984 1852 1067 1910 Erot.
1095 1853 1126 1911 2.

129 1947 162 1988 n.
176 1929 245 1990 ete.
260 1928 395 1990 Borboso
408 1927 443 1988 de
457 1928 515 2007 Off.
529 1928 626 2009 Epioe.
640 1949 672 2010 p.
685 1932 715 1989 5.
730 1928 788 1991 Att.
805 1932 1018 1991 bullencurte
1036 1933 1128 1994 libros

130 2013 372 2090 pelagianorum,
391 2012 567 2074 instantibus
580 2013 698 2075 noaino
716 2024 743 2073 at
760 2014 939 2093 Bonuifooio
960 2017 1128 2093 Episcopis‚

129 2104 164 2156 ut
191 2099 305 2175 euprd3
335 2096 507 2158 Theodosius
534 2106 560 2156 et
587 2095 817 2158 Valentinianus
847 2099 940 2159 libros
968 2099 1125 2177 Nestorii,

131 2190 159 2261 et
184 2180 376 2260 Porphyrii,
403 2181 568 2258 postulante
595 2183 719 2240 coneilio
747 2180 917 2259 Ephesin03
938 2182 1129 2245 lastinianus

130 2263 222 2322 libros
247 2261 376 2338 Seueri,
412 2265 577 2341 petentibus
608 2265 745 2325 Patribus
775 2267 890 2324 concilii
921 2265 1128 2326 Constantino·

131 2347 254 2424 polliani
281 2368 290 2422 3
314 2343 449 2408 Rutilius
479 2349 584 2425 scripta
617 2348 721 2409 Pbotii
745 2350 782 2408 ud
804 2351 971 2409 instantiam
1001 2351 1130 2411 Adriani

130 2434 235 2508 Papm,
261 2432 312 2509 qui
336 2432 386 2490 illa
400 2431 481 2508 pride
498 2433 707 2503 damnaverat,
721 2441 753 2491 ct
772 2436 938 2494 exoriente
961 2437 1128 2493 transmissa

129 2515 230 2575 llomoe
261 2515 379 2592 ignibus
401 2515 522 2574 tradidit
537 2537 546 2589 3
562 2513 725 2574 ludovicus
746 2514 820 2574 Pius
839 2516 947 2573 lilinum
972 2512 1130 2576 Clondiid

129 2597 234 2657 sonoro
261 2616 297 2657 cx
324 2596 534 2674 Episcoporum
554 2596 668 2672 judicio
696 2596 842 2655 commisit
869 2596 960 2673 igni3
993 2597 1129 2673 idemque

127 2679 195 2739 lacit
207 2681 240 2741 S.
268 2679 431 2742 ludovicus
448 2698 501 2741 rea
521 2681 558 2740 de
584 2679 669 2739 libris
686 2678 886 2739 Thalmudieis
901 2677 1014 2755 judicio
1037 2680 1129 2739 loono-

129 2763 286 2824 ceutiiIV.
348 2804 352 2817 ·
647 2764 648 2768 ’
858 2792 862 2800 ·

167 2848 249 2907 xlll.
270 2849 377 2908 Saltem
396 2866 497 2908 omnes
514 2848 602 2922 libri,
626 2846 677 2922 quai
693 2845 710 2905 ir
724 2845 905 2924 principibus
922 2845 1050 2907 damnati
1066 2847 1129 2909 lue·

130 2940 221 3000 runt,
237 2930 320 3008 priirs
330 2933 367 2991 ab
379 2934 503 2991 Ecclesia
517 2932 638 2990 luerunt
650 2930 809 2989 interdicti.
824 2932 871 2990 Sic
889 2932 958 2991 libri
972 2933 1129 3011 Eutychia-

129 3032 236 3074 uurum
253 3017 407 3092 proscripti
430 3014 633 3088 adsertione,
647 3024 733 3074 antea
753 3013 815 3090 jam
836 3013 993 3077 dooucilio
1012 3017 1129 3078 Chalce-

129 3096 249 3156 doncusi
264 3096 323 3175 (eui
336 3101 498 3176 Imperator
515 3098 658 3175 interluit)
671 3098 900 3160 lueruntvetiti.
914 3101 993 3161 Libri
1010 3099 1131 3182 Wiolcffi

129 3180 292 3239 damnabili
314 3180 455 3242 Rieeurdo
476 3183 514 3241 11.
538 3182 652 3258 bugllte
679 3200 765 3259 rege,
784 3181 846 3259 jam
873 3183 956 3262 prids
978 3184 994 3242 d
1024 3186 1131 3263 Geapo-

132 3263 176 3325 rto
188 3267 249 3326 Xl.
263 3265 379 3325 fueraut
392 3266 534 3325 damnati.
546 3267 581 3323 Et
598 3265 677 3324 idem
690 3267 795 3327 accidit
811 3268 848 3327 de
862 3269 945 3328 libris
956 3274 1130 3327 novatorum

133 3344 272 3408 dCorolo
297 3351 334 3409 V.
357 3350 539 3428 proscriptis.
556 3346 648 3408 Poerb
677 3351 795 3427 ipsimet
815 3349 961 3430 principes
982 3351 1129 3416 latentur,

133 3446 164 3488 se
184 3430 315 3507 gladium
346 3430 456 3492 haltere
480 3432 515 3490 ud
539 3448 664 3491 canones
686 3435 820 3492 Ecclesi‘ae
845 3429 1069 3501 custodiendos,
1089 3427 1130 3484 sie

135 3513 212 3574 cuim
230 3513 390 3576 declaravit
408 3512 603 3578 Cbiidebnuua
625 3531 698 3574 rex:
715 3515 794 3590 Quia
805 3532 911 3575 successe
923 3520 982 3580 eat,
995 3515 1030 3568 nt
1039 3506 1128 3588 plebs,
