2642 4150
180 215 238 277 til
510 258 515 268 .
601 202 758 286 Appendin

211 315 230 368 d
245 311 354 367 casibus
369 306 520 378 papalibus
531 310 614 360 44444
625 305 832 371 contessionem.
844 303 886 356 bi.
899 304 1043 369 (44444440
1052 305 1182 362 deliciunt

212 384 387 452 intellipatur
400 378 547 434 occultum.
563 381 604 429 bb.
620 376 717 429 illrum
734 376 887 444 Episcopus
904 375 996 428 ualeat
1008 377 1182 444 4444444444-

212 461 297 510 44444
313 454 447 520 deterere.
460 455 501 503 54.
517 450 612 502 44444444
623 447 757 501 cloaribus
769 448 803 500 ab
816 447 1024 515 aliislipiscopis
1035 451 1182 503 reservatis

212 534 261 580 etc.
274 530 315 580 35.
327 525 387 579 Siti
401 522 508 577 casibus
525 527 589 588 posi
607 520 774 581 concilium,
793 526 841 571 ete.
862 522 902 571 bb.
922 519 1017 571 iltriem
1031 522 1183 589 Episcopus

209 601 298 667 possit
311 596 450 652 absolvers
468 593 670 661 confessarium
688 592 873 645 absolventem
892 592 1050 657 complicem
1067 594 1099 645 44
1116 609 1182 661 pec·

214 677 276 724 caio
298 670 381 737 turpi.
403 671 447 720 57.
472 663 568 719 4444044
590 664 721 731 Episcopi
744 665 763 717 d
784 661 893 716 casibus
920 662 1004 738 bulla
1022 669 1110 717 cana
1131 673 1184 720 444.

206 741 255 794 bb.
272 740 368 796 iltrtlm
378 739 492 793 4444444
503 738 663 805 dispensare
683 737 714 788 44
727 735 953 803 insanissimis,
965 750 1025 803 qua
1035 752 1087 803 per
1096 737 1183 791 bare·

213 815 266 866 sim
275 814 439 867 incurritur.
452 812 495 864 49.
510 811 606 864 444444
623 808 737 862 valeant
754 806 894 861 absoluere
915 809 1068 872 impeditos.
1084 811 1126 863 40.
1144 813 1183 862 lit

213 885 309 939 ulrum
325 899 374 952 per
396 882 478 936 alios.
497 885 539 934 44.
558 881 613 946 Qui
627 880 760 934 dicontur
780 880 911 945 impediti.
931 882 973 932 42.
994 883 1033 933 ile
1048 880 1182 948 perpetub

215 959 359 1023 impoditis.
372 959 414 1007 45.
428 954 524 1007 illrum
533 952 561 1005 bi
571 958 719 1005 tencantur
727 966 779 1019 per
790 949 953 1018 epistolam,
966 958 1015 1004 etc.
1024 955 1065 1005 44.
1087 951 1182 1004 illrum

215 1026 467 1082 tencantursaltem
484 1039 627 1078 recursum
638 1024 738 1076 babere
753 1023 791 1075 ad
804 1023 991 1090 Episcopum?
1005 1024 1091 1088 Quid,
1103 1024 1128 1075 si
1137 1037 1182 1075 rc·

215 1114 326 1152 currere
336 1103 490 1165 nequeant,
503 1102 554 1148 etc.
569 1096 654 1161 Quid,
667 1096 758 1148 sirint
771 1095 802 1145 in
812 1095 910 1146 mortis
924 1094 1063 1147 articulo?
1074 1099 1116 1148 iii.

187 1172 220 1224 11.
233 1173 272 1224 ite
283 1184 332 1224 444
348 1171 458 1223 ensibus
469 1166 688 1235 episcopalibus.
701 1172 726 1218 et
735 1165 887 1233 prasertim
895 1166 928 1218 de
939 1166 1109 1220 absolutione
1119 1179 1184 1220 444·

215 1257 288 1296 eura
296 1248 413 1310 propter
429 1241 632 1308 percussionem
650 1238 753 1291 clerici.
767 1241 809 1290 46.
821 1241 863 1290 tt.
874 1245 899 1291 44
910 1239 951 1290 40.

188 1316 231 1366 lii.
246 1317 286 1368 ile
302 1313 507 1381 dispensatione
523 1310 756 1378 cumillepitiutis.
773 1312 814 1363 49.
831 1314 899 1363 cum
910 1310 1031 1378 bipennis.
1041 1312 1084 1364 50.

185 1391 226 1442 iv.
239 1388 320 1441 Circa
331 1386 556 1455 irrepularitates
567 1385 601 1438 ob
615 1385 744 1438 delictum
760 1383 911 1443 occultum:
923 1392 949 1438 et
963 1385 1028 1451 quid
1045 1385 1070 1436 si
1090 1383 1182 1438 bomi-

218 1459 319 1513 cidium
330 1459 366 1511 444
381 1458 494 1512 omninb
512 1456 767 1511 cenatiuncula
783 1456 930 1511 'homicidio
948 1454 1064 1509 casuali.
1074 1457 1116 1510 52.

185 1532 215 1581 v.
230 1531 309 1584 cirea
321 1530 518 1586 immobilitates.
532 1533 574 1582 bb.

189 1603 222 1655 vi
235 1605 275 1654 ile
285 1601 467 1671 {acuitatibus
480 1602 679 1667 Episcopornm
690 1599 766 1653 circa
780 1599 969 1653 matrimonio.
982 1602 1065 1652 5404
1081 1598 1186 1665 dispen-

217 1675 325 1726 satione
336 1674 412 1726 eirca
425 1671 643 1740 publicationes,
653 1679 748 1724 votum
759 1672 913 1732 castitatis,
926 1677 952 1725 44
964 1671 1186 1738 impedimentum

169 1801 172 1809 ,
218 1745 257 1797 ad
269 1746 428 1812 petendum.
447 1747 592 1797 remissive.
607 1744 691 1796 circa
706 1744 902 1810 impedimenta
915 1744 1075 1797 4444444444
1090 1742 1186 1795 dubia.

218 1817 260 1869 bb.
282 1816 365 1869 Circa
381 1817 540 1870 dirimentis
560 1822 653 1874 44444.
676 1816 701 1867 44
714 1818 924 1870 matrimonium
939 1818 976 1870 444
1002 1821 1187 1869 contractum.

217 1891 260 1941 56.
273 1887 303 1941 Si
314 1900 372 1940 non
384 1888 420 1940 444
432 1892 617 1944 contractum.
628 1890 672 1942 lii.
687 1888 784 1944 ittrslm
794 1890 947 1958 Episcopus
956 1890 1044 1957 possit
1056 1889 1129 1944 banc
1139 1890 1187 1954 [a-

221 1958 355 2013 cnltniem
369 1958 502 2027 delepare.
514 1962 557 2011 69.

198 2032 293 2084 tinne
301 2031 505 2098 dispensatione
516 2031 746 2086 interstitiorum.
757 2032 800 2086 59.

188 2107 251 2157 iiii.
264 2107 301 2156 04
312 2103 516 2172 dispensatione
532 2103 685 2172 capellani,
698 2111 730 2159 ut
748 2103 887 2160 celebrare
903 2104 996 2158 oalect
1015 2105 1046 2158 in
1067 2104 1126 2159 alia
1139 2108 1189 2157 lie·

222 2175 314 2229 elesia.
326 2178 368 2229 60.

193 2250 236 2300 lx.
251 2246 480 2300 Decelebrotione
488 2253 552 2314 posi
562 2247 760 2300 meridiembi.

193 2321 224 2370 ii.
238 2321 276 2369 ite
287 2319 430 2371 materiis.
442 2321 485 2370 64.
497 2318 602 2383 Quibus
613 2320 644 2371 44
655 2319 723 2372 loeis
734 2319 821 2387 possit
829 2317 967 2372 4444444444
976 2320 1138 2387 Episcopus.
1146 2320 1189 2375 bb.

224 2389 319 2443 iitrdm
329 2389 421 2443 uolent
433 2391 593 2458 dispensare
605 2392 643 2445 ad
655 2391 847 2446 celebrandum
858 2392 941 2444 domi
954 2394 995 2444 64.

193 2463 237 2517 lii.
249 2464 290 2514 04
302 2461 439 2528 facultate
457 2462 672 2531 episcoporum,
683 2469 709 2519 44
729 2464 916 2518 4444444444
939 2463 1015 2518 circa
1034 2461 1192 2517 4444444444

221 2534 332 2602 proprii
341 2535 511 2601 confessarii.
522 2537 565 2588 65.

191 2607 243 2659 xli.
260 2608 341 2659 Circa
351 2608 513 2661 clausuram
531 2607 705 2662 monialium.
717 2610 759 2662 66.
772 2609 812 2662 tte
834 2607 1034 2677 approbatione
1056 2609 1191 2673 consessa·

222 2679 330 2732 riorum
340 2680 514 2733 monialium.
524 2682 566 2732 67.

192 2754 257 2804 xiil.
272 2751 368 2805 04404
377 2753 488 2806 valeant
501 2756 670 2806 commutare
680 2750 965 2804 ultimasooluntntes.
976 2754 1018 2805 66.

192 2827 257 2877 iili.
269 2825 513 2891 incompositione
529 2826 560 2877 44
576 2824 796 2881 restitutionibus
805 2824 926 2877 incertis.
937 2827 979 2876 69.

191 2898 243 2948 liv.
254 2897 295 2947 De
306 2896 465 2948 reductione
477 2896 636 2949 missarum.
646 2899 687 2948 40.
699 2899 739 2949 ite
758 2896 860 2951 unione
875 2895 1084 2963 beneficiosum,
1107 2911 1195 2953 noro-

225 2978 291 3020 rum
302 2967 503 3033 parochiarum
520 2969 672 3029 erectione,
683 2972 733 3021 etc.
746 2971 787 3021 44.

231 3129 282 3190 29.
294 3161 334 3175 -
347 3130 371 3188 Ι.
382 3128 516 3209 Episcopi
527 3132 628 3209 vigore
639 3132 806 3193 Tridentini
816 3151 885 3193 sess.
901 3135 949 3194 nt.
964 3133 1194 3212 ceponium,

192 3219 345 3290 sequentes
364 3211 473 3273 hebent
492 3215 660 3275 facultates:
679 3215 942 3295 bicealEpicropis
963 3215 997 3275 in
1018 3215 1195 3297 r'rrcpularn‘·
1217 3212 1222 3237 ⁶

194 3295 301 3358 tatibus
326 3293 461 3357 omnibns
486 3305 512 3357 et
527 3299 766 3378 appensionibus
783 3319 819 3360 ex
836 3298 939 3361 delicto
962 3296 1071 3361 occulto
1090 3317 1197 3379 proces

193 3376 486 3457 eeicniibms,eoccepld
504 3384 558 3454 eb,
573 3398 640 3457 qua
661 3383 757 3441 oritur
772 3402 809 3442 en
829 3381 984 3444 homicidia
1003 3379 1195 3453 uoluntario,

193 3471 221 3522 ci
234 3459 302 3521 aliis
320 3459 446 3522 dedentis
470 3461 510 3525 acl
524 3460 624 3541 soram
647 3465 875 3539 contentiosum,
897 3464 1066 3544 dispensare
1073 3487 1085 3540 ;
1112 3471 1141 3524 et
1161 3466 1197 3524 in

194 3544 420 3624 quibuscumque
437 3544 551 3607 casibus
569 3542 705 3620 occultes,
719 3550 806 3608 etiam
832 3546 901 3609 Sodi
923 3546 1088 3629 apostolica
1104 3564 1198 3607 44444-
