2642 4150
109 198 110 201 =
205 166 262 226 tot
403 165 448 227 De
461 181 650 227 cotoneorum
664 162 927 241 Pontifidceretis,
940 170 992 226 ete.

132 316 135 320 .
201 275 263 327 tem
278 263 442 344 precedit,
463 266 522 343 qut
547 265 607 325 unt
627 265 762 326 omnium
780 264 1002 324 solemnitatum
1021 261 1149 342 dignitas
1161 274 1211 329 est

195 356 386 425 consecrata,
401 348 636 428 providendum,
650 349 835 410 venerabiles
848 349 964 407 Fratres
974 393 983 419 ‚
993 355 1030 407 ut
1047 349 1208 412 sacratissi-

198 452 283 495 mum
303 432 452 512 jejunium
476 431 575 495 sancte
593 431 826 512 religiosiquei
849 431 987 492 iidelibus
1009 432 1206 509 observetur,

198 518 279 597 quod
306 519 379 596 legis
404 526 435 578 et
455 517 671 598 prophetarum
701 517 879 579 testimoniis
903 517 1207 591 commendatum‚a

198 601 314 663 Christo
329 604 459 664 Domino
472 611 689 678 consecratum,
698 603 736 663 ab
746 600 892 683 Apostolis
904 600 1045 662 traditum
1057 643 1066 674 ,
1078 603 1207 666 Ecclesia

198 686 337 749 catholica
363 687 506 767 perpetub
519 688 644 748 retinuit
655 731 665 761 ‚
677 696 710 747 ut
726 704 779 765 per
792 686 1019 746 macerationem
1040 687 1153 759 carnis,
1174 698 1207 750 et

198 771 304 832 animae
319 770 556 833 humiliationem
566 771 601 832 nd
615 771 771 832 dominicae
781 769 947 842 Passionis,
966 768 1206 851 paschaliumquc

196 866 449 917 sacramentorum
472 857 612 935 mysteria
634 855 796 934 paratiores
822 852 1011 929 accedamus,
1035 864 1065 914 ct
1089 855 1120 916 in
1140 855 1207 934 ejus

196 941 412 1001 resurrectione
427 958 614 1021 resurgamus
627 984 636 1013 ,
648 941 679 1000 in
693 939 776 1016 cujus
793 938 946 1011 Passione,
964 937 1097 1017 deposito
1110 943 1205 1002 veteri

196 1020 329 1097 bomine,
340 1043 442 1087 sumus
452 1026 641 1086 commortui.
655 1025 746 1100 Cujus
760 1033 821 1083 tam
830 1032 938 1084 sanctae
949 1024 1204 1101 tamquesalubris

195 1106 392 1170 institutionis
410 1109 573 1170 retinendae
593 1108 691 1169 studio
703 1108 754 1167 sci.
768 1107 883 1167 record.
896 1106 1094 1167 Praedecessor
1102 1116 1205 1169 noster

195 1192 306 1254 Bacca.
321 1194 412 1256 XW.
433 1195 487 1255 etsi
501 1194 581 1254 binis
599 1194 636 1254 nd
657 1212 709 1255 vos
724 1194 843 1254 bitteris
861 1193 894 1253 in
914 1193 1009 1253 forma
1024 1194 1125 1253 Brevis
1140 1197 1204 1256 exi·

196 1278 290 1339 mium
306 1280 535 1340 Fraternitatum
547 1288 711 1339 vestrarum
736 1279 831 1339 zelum
855 1276 1007 1353 excitavit,
1027 1295 1086 1355 quo
1107 1279 1204 1356 pluri·

195 1358 251 1420 bus
268 1362 436 1423 labefactata
453 1364 629 1443 corruptelis
642 1361 903 1441 quadragesimalis
922 1359 1028 1437 jejunii
1048 1361 1202 1441 disciplina

195 1445 232 1506 ad
240 1447 395 1524 pristinam
410 1447 627 1507 observantiam
639 1448 737 1507 vestri
750 1446 839 1525 operi
852 1452 882 1506 et
891 1444 989 1505 studio
1001 1455 1201 1520 revocaretur,

196 1529 235 1589 ab
245 1548 370 1609 eamque
390 1550 454 1592 rem
469 1532 626 1592 nonnullas
638 1533 840 1593 cavillationes
854 1575 862 1600 ,
876 1529 985 1607 quibus
1000 1530 1098 1591 omnis
1109 1548 1203 1592 saero-

195 1631 264 1675 rum
281 1617 327 1675 vis
335 1614 519 1693 jejuniorum
533 1615 773 1695 insumebatur,
792 1615 937 1676 demedio
951 1614 1069 1673 sustulit
1081 1635 1090 1690 3
1101 1624 1201 1675 tamen

194 1696 264 1759 calm
281 1700 318 1759 ab
337 1700 532 1760 infensissimo
548 1702 760 1777 teterrimoque
773 1698 894 1759 humaui
912 1698 1028 1778 generis
1042 1695 1127 1758 hoste
1139 1706 1201 1758 tarn

194 1782 296 1843 multae
311 1792 341 1843 et
357 1784 480 1845 assidue
498 1786 558 1844 sint
571 1786 652 1863 gregi
669 1785 818 1845 dominico
832 1783 960 1858 insidiae3
979 1782 1203 1861 verendumque

194 1875 349 1945 propterea
363 1869 422 1939 sit,
440 1886 478 1929 no
497 1868 622 1929 subinde
636 1869 837 1929 infirmiorum
851 1868 958 1927 animis
973 1885 1064 1927 novas
1085 1875 1201 1927 vetera·

194 1959 243 2011 tor
261 1952 312 2013 ille
332 1954 482 2025 rationes,
496 1971 658 2032 pravasque
678 1962 816 2032 suiggerat
831 1951 1076 2022 consuetudines,
1090 1951 1201 2029 quibus

194 2046 330 2099 enervato
339 2037 446 2116 jejunii
462 2039 619 2111 severitas,
634 2036 714 2098 unde
730 2047 864 2099 revocata
874 2034 986 2096 dudum
1000 2035 1095 2096 iuerat
1106 2082 1116 2111 ‚
1129 2036 1202 2096 illue

193 2119 303 2181 iterdnr
313 2123 472 2194 relabatur,
483 2124 677 2183 necessarium
687 2122 916 2183 existimavimus
925 2120 1007 2181 vobis
1016 2118 1068 2180 bos
1077 2121 1201 2182 Litteras

193 2203 282 2274 dare,
299 2216 469 2285 quantoque
482 2208 514 2266 in
529 2209 637 2268 timore
656 2208 769 2278 simus,
786 2225 824 2266 ne
842 2224 899 2284 qua
917 2213 1002 2264 vetus
1024 2207 1201 2266 remanserit

193 2291 362 2366 corruptela
376 2333 384 2363 ‚
399 2291 447 2350 vel
459 2308 534 2351 nova
552 2290 632 2351 labes
645 2309 713 2351 cum
734 2291 868 2350 fidelium
889 2290 1054 2350 animorum
1068 2290 1201 2367 pernicie

191 2371 392 2433 ecclesiasticae
414 2375 445 2434 in
468 2371 522 2433 bac
541 2392 574 2434 re
593 2374 756 2454 disciplinae
769 2375 932 2445 inseratur,
954 2374 1201 2433 Fraternitatibns

191 2455 297 2516 vestris
312 2457 487 2536 significare.
496 2460 539 2519 De
550 2476 609 2537 quo
622 2459 744 2536 quidem
757 2460 864 2519 timore
879 2467 978 2518 nostro
989 2466 1105 2517 tantum
1116 2454 1200 2516 intel·

192 2542 312 2620 ligimus
338 2544 433 2604 minui
455 2545 612 2622 oportere,
638 2554 784 2621 quantum
810 2560 845 2602 ex
875 2560 911 2602 eo
933 2540 1144 2601 sollicitudinis
1161 2543 1200 2602 ad

191 2627 368 2704 pastoralem
382 2635 509 2688 vestram
526 2628 710 2706 vigilantiam
720 2628 890 2702 accessorit3
906 2627 964 2703 qua
974 2626 1035 2686 sivo
1045 2625 1200 2704 quidpiam

191 2711 230 2770 de
247 2712 341 2771 veteri
358 2713 525 2791 corruptela
540 2721 605 2789 post
616 2722 793 2772 memoratas
802 2711 963 2790 supradicti
977 2710 1199 2770 Praedccessoris

192 2794 284 2854 nostri
301 2796 424 2856 Litteras
436 2795 558 2856 sortasse
569 2796 720 2872 reliquum
732 2797 822 2856 suerit
834 2838 842 2866 ‚
857 2796 918 2854 sive
936 2813 990 2872 pro
1002 2793 1201 2871 infringendis

187 2877 296 2955 jejunii
309 2879 422 2956 legibus
436 2881 483 2939 vel
505 2881 682 2958 opinionum
702 2890 885 2952 commenta,
907 2880 954 2940 vel
972 2879 989 2938 b
1006 2895 1075 2938 reru
1088 2877 1199 2954 jejunii

117 3022 124 3034 ,
190 2964 220 3021 vi
247 2970 277 3021 et
302 2971 407 3037 natura
421 2962 614 3024 abhorrentes
644 2965 872 3025 consuetudines
902 2962 1024 3024 bomani
1053 2963 1200 3040 pravitate

190 3047 302 3125 ingenii
313 3048 479 3109 *novissime
491 3048 551 3108 sint
572 3049 718 3122 invectae,
739 3051 903 3120 euomuit,
923 3047 1067 3127 quantiam
1074 3047 1200 3125 juvante

189 3132 318 3192 Domino
333 3131 398 3192 lieri
416 3142 534 3211 potesta
548 3132 689 3194 radicitds
700 3133 889 3196 convellenda
902 3135 1019 3194 curetis.
1036 3134 1071 3193 ln
1088 3132 1201 3214 quibus

190 3214 321 3296 protectd
333 3216 457 3278 abusum
465 3218 550 3278 illum
563 3218 715 3279 censemus
727 3217 848 3280 omoinb
857 3216 1092 3290 numerandum,
1108 3234 1200 3293 quem

189 3316 294 3360 rumor
309 3301 429 3377 quidam
447 3303 485 3362 ad
509 3319 563 3362 nos
585 3304 731 3380 pertulit3
753 3302 821 3364 edm
841 3302 976 3362 nonnulli
994 3345 1003 3373 ,
1024 3301 1134 3378 quibus
1158 3300 1199 3362 ob

186 3381 280 3459 justas
292 3394 322 3443 et
335 3384 482 3462 legitimas
497 3402 598 3446 causas
616 3386 654 3446 ab
680 3385 859 3446 abstinentia
884 3385 1019 3445 carnium
1045 3383 1199 3462 dispensa·

189 3465 379 3541 tumuerit,
403 3467 492 3530 liobae
523 3470 579 3530 sibi
600 3479 706 3548 putant
721 3471 856 3549 potiones
879 3469 953 3544 lacte
967 3469 1128 3546 permixtas
1147 3486 1200 3527 sn·

190 3564 289 3625 marc,
306 3550 409 3615 contri
433 3551 522 3631 quim
548 3553 754 3632 praedecessori
773 3561 874 3629 nostro
892 3553 989 3615 visum
1014 3552 1122 3625 inerit,
1145 3553 1198 3630 qai
