2642 4150
97 273 102 284 ,
475 199 705 288 Deprloilcpiia.
719 207 887 286 caperit.
1122 209 1174 268 171

162 319 254 383 betur
265 329 303 376 ex
316 309 403 374 Trid.
418 323 487 371 reae.
499 308 548 368 11.
562 325 587 384 ο.
598 309 629 369 1.
645 324 682 368 ee
690 303 828 389 pluribus
835 305 965 369 Decretis
974 307 1006 369 8.
1019 311 1051 369 c.
1063 309 1178 369 Deinde

162 400 264 482 quoad
285 395 445 477 quesitum
458 436 467 465 ,
486 392 619 472 Vooqeez
629 436 637 466 ,
649 393 758 453 Sensit.
772 394 909 454 Berones
922 389 1050 473 ,aliique
1062 392 1178 466 dicunt,

162 484 291 563 obligari
309 481 346 543 ad
361 497 467 541 corum
484 479 619 538 omnium
641 477 879 549 observantiam,
898 495 964 555 quse
984 493 1044 537 non
1069 474 1179 554 praeju-

163 569 266 631 dlcaut
281 564 478 627 observantie
490 562 641 641 regulari:
657 562 709 621 sed
729 579 790 623 non
811 563 987 641 intelligitur
1000 561 1097 639 quoad
1115 562 1178 622 vim

163 654 346 722 coactivam,
363 650 404 709 ita
423 657 457 707 ut
469 646 719 707 contraveniendo
735 663 796 706 non
811 646 966 707 incurrant
975 648 1178 725 aliquempoe·

163 753 254 808 nam,
277 736 328 799 sed
345 725 535 794 solummodo
551 731 648 808 quoad
671 731 734 790 vim
755 730 948 799 directivam,
973 732 1066 792 idest
1089 738 1125 791 ut
1146 747 1178 790 se

160 820 353 883 conforment
371 815 561 895 reipublice,
588 813 673 891 cujus
700 822 769 874 sunt
790 823 898 894 partes.
922 816 979 876 Alii
1000 824 1122 887 tamen,
1143 822 1178 874 ut

163 902 343 978 senectae,
353 904 491 974 lesem,
503 894 759 970 saturaremur,
769 906 820 959 etc.
836 900 867 960 ld
880 908 989 980 negant
1002 897 1177 979 (dummodb

165 985 228 1047 boc
240 986 433 1045 necessarium
448 999 507 1043 non
521 984 560 1041 sit
574 983 610 1041 ad
627 983 796 1042 evitandum
818 985 1009 1057 scandalum,
1024 992 1076 1044 aut
1094 999 1178 1043 casus

169 1081 236 1129 non
257 1077 348 1141 essct,
361 1070 390 1128 in
410 1085 470 1145 quo
488 1068 642 1146 rcllglosus
662 1068 768 1144 aliquis
785 1066 905 1131 baberet
927 1068 1046 1147 aliquod
1068 1081 1178 1127 munus

171 1154 340 1232 dependens
354 1154 391 1212 ab
404 1154 564 1230 Episcopo,
578 1160 613 1211 ut
624 1167 733 1211 munus
745 1150 883 1228 parochi,
906 1152 1077 1213 confessoris
1090 1195 1099 1224 ,
1112 1169 1179 1212 eon·

169 1239 342 1308 cinnatoris,
359 1237 437 1314 etc).
456 1239 492 1296 Et
514 1236 543 1295 id
559 1236 686 1314 probant
700 1254 736 1294 ex
759 1251 785 1295 c.
800 1240 830 1297 l.
852 1237 887 1298 dc
898 1235 1005 1298 Paduil.
1022 1238 1055 1297 ln
1071 1239 1100 1298 b.
1124 1235 1178 1297 ubi

166 1322 279 1384 dicitur
291 1365 299 1395 ,
312 1321 570 1399 Regulareserimi
592 1319 609 1380 1
634 1322 787 1398 preceptis
807 1324 1035 1400 Episcopomm,
1049 1321 1179 1400 exceptis

167 1408 285 1466 casibus
309 1408 427 1483 injure
453 1406 606 1484 expressis.
626 1406 781 1465 Rationem
807 1407 914 1466 deinde
942 1402 1190 1467 adversariorum

170 1490 280 1550 dicunt
294 1489 409 1562 volere,
424 1492 543 1568 quando
557 1497 656 1570 partes
667 1498 737 1548 sunt
758 1488 967 1568 homogencae,
981 1505 1041 1548 non
1061 1493 1178 1561 autem,

171 1575 199 1633 si
214 1584 282 1634 sunl
302 1573 503 1654 lrctcrogenene
514 1574 528 1647 ,'
545 1584 577 1633 ut
600 1582 671 1634 sunt
689 1574 837 1652 religiosi,
855 1575 906 1652 qui
924 1591 983 1634 non
998 1573 1122 1652 perinde
1145 1589 1180 1633 ec

167 1659 322 1719 mulares
339 1661 431 1718 multa
453 1660 508 1718 alia
529 1660 823 1738 orrcra‘portlcularia
843 1657 963 1719 habent.
978 1655 1124 1718 ceteram
1145 1657 1179 1719 iu
1251 1695 1254 1702 ‚

166 1741 284 1803 duobus
298 1743 359 1803 ulla
379 1743 444 1801 sine
461 1742 645 1802 hesitatione
658 1744 713 1819 ipsi
730 1742 901 1822 obligantur
912 1742 949 1802 ad
964 1741 1177 1814 obediendum,

167 1826 318 1887 utdicunt
336 1828 369 1886 in
392 1827 477 1887 Trid.
500 1843 569 1887 sess.
587 1829 635 1887 rt.
652 1845 720 1906 cep.
736 1829 784 1887 11.
801 1831 827 1888 1.
840 1828 936 1906 quoad
957 1826 1179 1888 observantiam

168 1911 318 1970 interdicti
347 1911 435 1988 positi
460 1911 498 1970 ab
517 1912 659 1989 Episcopo
678 1929 795 1989 semper
815 1931 847 1972 oc
868 1912 1041 1971 observatur
1064 1910 1101 1969 ab
1124 1911 1180 1969 Ec·

166 1995 254 2054 cleia
268 1996 403 2056 matrice.
415 1996 454 2053 ll.
469 1995 571 2068 Quoad
582 1995 763 2056 observanda
771 1998 843 2056 leste
854 1995 891 2054 ab
904 1995 1047 2073 Episcopo
1058 1999 1175 2051 seluta.

173 2079 248 2142 vide
260 2078 356 2143 Setos.
372 2087 457 2141 treet.
473 2083 522 2142 18.
538 2100 563 2141 a.
582 2083 611 2140 5.
625 2100 655 2163 p.
671 2086 700 2142 l.
717 2083 744 2163 S.
760 2084 790 2149 l,
804 2098 862 2168 per¹
878 2086 988 2142 totum.
1004 2081 1115 2163 lffraclm
1128 2094 1180 2138 or·

165 2165 336 2226 dirutiones
349 2165 425 2224 circo
448 2166 604 2225 missarum
615 2168 865 2237 celebrationem,
886 2164 921 2228 dt
939 2166 1052 2225 dictum
1073 2172 1116 2223 est
1133 2180 1180 2223 su·

154 2249 269 2328 periris
284 2268 316 2309 n.
330 2250 380 2310 75.
397 2251 474 2310 circe
486 2249 586 2328 fierem.
602 2255 744 2314 Praeterea
757 2263 876 2314 notetur
888 2296 896 2324 ,
909 2251 1083 2329 Episcopum
1095 2264 1180 2326 posse

165 2336 364 2412 Regularlbus
390 2335 567 2396 interdicere
587 2338 721 2399 auditum
747 2337 963 2399 confessionum
989 2337 1021 2396 iu
1049 2335 1180 2414 propriis

164 2419 302 2490 edium,
318 2421 379 2481 sive
398 2421 495 2489 cellis,
520 2420 605 2499 justa
625 2424 777 2483 decretum
804 2425 835 2482 S.
851 2425 883 2481 C.
909 2430 1078 2480 emanatum
1099 2436 1178 2479 anno

165 2504 261 2563 1617.
276 2506 313 2564 lb
326 2505 492 2583 septembr.
508 2515 543 2567 ut
557 2506 652 2565 videri
669 2515 764 2583 potest
780 2505 858 2581 apud
872 2507 909 2563 Ρ.
921 2503 1067 2561 Ferreus.
1082 2503 1180 2560 Potest

165 2587 261 2647 otiam
273 2597 374 2648 rotare
394 2590 532 2650 omnibus
561 2591 744 2650 confessariis
765 2587 947 2646 audient-iam
965 2584 1180 2644 confessionum

166 2671 332 2732 mulierum
343 2716 351 2744 ‚
363 2678 415 2733 aut
433 2675 598 2750 puellarum
621 2684 703 2734 extra
725 2669 936 2732 confessionalc
951 2667 1006 2726 sub
1022 2684 1107 2744 poena
1117 2685 1181 2726 sus-

90 2788 96 2801 ·
165 2754 322 2833 pensionis
336 2757 374 2816 ab
391 2758 545 2817 audiendis
564 2757 794 2818 confessionibus
805 2799 813 2824 ,
826 2772 861 2816 ex
879 2753 996 2814 decreto
1008 2753 1116 2831 congr.
1131 2753 1182 2818 18.
1287 2802 1290 2807 .

166 2839 313 2921 Deccmb.
329 2843 413 2901 16111.
427 2842 506 2918 apud
522 2843 661 2902 eumdem
673 2839 823 2902 Ferraria.

212 2923 319 2982 711-
337 2924 488 2998 Quaeritur
507 2927 537 2984 lt.
558 2926 664 2987 Utrvlm
690 2926 822 3004 Episcopi
843 2922 954 3004 possint
978 2924 1097 2986 visitare
1113 2942 1183 3005 per·

166 3023 276 3079 sonas,
301 3017 331 3068 et
357 3010 531 3069 monasteria
547 3010 761 3089 llcgularlum?
781 3010 984 3072 communiter
1006 3010 1182 3090 loquendo,

166 3099 286 3152 cerium
302 3101 345 3152 est
360 3110 396 3152 ex
413 3113 438 3154 e.
454 3090 559 3165 Nulli,
577 3097 624 3154 ld.
639 3104 745 3177 peccat.
757 3098 772 3158 l
786 3106 834 3168 ‚ct
849 3114 885 3156 ex
901 3095 1095 3170 Tridentino,
1108 3113 1178 3158 sees.

166 3174 224 3237 25.
236 3192 262 3235 o.
273 3177 303 3236 8.
320 3184 470 3254 exemptas
486 3195 547 3237 esse
562 3177 759 3241 dvisitatione
770 3181 925 3260 Episcopi,
948 3189 1008 3241 tam
1021 3198 1179 3261 personas,

167 3258 263 3340 qndm
286 3264 484 3336 monasterio,
509 3270 540 3323 et
565 3264 722 3325 Ecclesiam
743 3266 933 3346 Regularium
952 3265 1125 3345 (dummodb
1148 3263 1180 3322 in

169 3345 235 3407 sslis
254 3344 362 3424 degent
376 3347 533 3407 duodecim
550 3349 699 3428 Religiosi.
719 3349 790 3413 Vide
805 3370 838 3411 n.
855 3350 928 3424 88.).
939 3353 975 3410 Et
984 3351 1066 3427 juxta
1080 3346 1180 3420 plures

166 3430 386 3491 declarationes
395 3449 484 3492 sacrae
501 3434 740 3512 congregationis
753 3437 842 3496 etiam
855 3434 992 3494 Ecclesiae
1002 3424 1181 3507 parochiales

166 3513 379 3584 secularium,
401 3534 467 3594 quae
491 3516 659 3578 subduntur
680 3518 896 3599 Regularlbus,
921 3512 1018 3573 stubi
1036 3505 1181 3585 parochus

165 3605 220 3662 est
237 3599 410 3682 religiosus,
422 3601 473 3682 qui
489 3601 514 3665 si
524 3599 709 3683 delinqueret
720 3604 812 3670 etlam
828 3600 905 3662 ciros
923 3610 1011 3656 suum
1029 3591 1184 3669 officium,
