2642 4150
366 201 369 207 -
441 123 522 229 rara
536 165 674 232 neom.
688 170 843 249 capuan.
1092 176 1149 239 aas

135 271 254 354 censuit
264 315 274 343 ,
286 278 351 333 tam
365 267 551 348 dispensatos
566 268 731 331 icamiam
750 272 950 352 abstinentia,
967 274 1057 353 quim
1075 295 1150 356 quo·

138 360 186 419 uis
198 355 288 418 modo
302 352 492 432 jejunantes,
506 354 592 415 unica
611 355 732 433 excepti
747 358 948 430 comestione,
965 358 998 419 in
1011 361 1150 424 omnibus

139 439 369 521 requiparandos
382 439 419 499 iis
433 455 518 514 csse,
533 439 710 520 quibuscum
735 440 816 501 nulla
835 449 880 501 est
894 441 1096 520 dispensatio,
1117 464 1151 508 ac

139 535 298 605 propterca
310 521 516 584 tantummodi
525 522 562 583 ad
575 524 693 583 unicam
703 525 912 586 comestionem
925 544 1010 605 posse
1018 545 1148 607 manem,

139 610 190 672 t'el
208 626 321 688 quaeex
336 624 424 668 mene
437 605 560 668 trahunt
571 608 738 686 originem,
755 608 908 671 adhibere.

178 690 294 753 Verium
306 708 403 770 neque
414 691 618 761 commodius,
633 710 687 752 nce
698 691 802 768 majori
816 693 990 771 proficiendi
1002 715 1055 776 spe
1064 715 1151 759 ravo·

141 795 207 842 care
233 776 373 837 homines
390 775 603 853 aggrediemini
632 775 670 835 ad
693 786 905 841 sacrosanctam
925 779 1033 858 jejunii
1055 783 1151 861 legem

115 918 123 931 .
140 860 375 935 observandam,
390 857 516 937 quamsi
535 860 609 920 illud
623 861 749 939 populos
760 860 887 923 doceatis
897 884 905 922 ε
915 863 1074 928 Christiani
1094 865 1150 926 ho·

141 947 232 1010 minis
255 943 480 1024 poenitentiam,
506 955 615 1022 praeter
631 948 823 1007 cessationem
840 946 857 1007 ia
877 950 1002 1026 peccatis
1026 960 1055 1010 et
1073 949 1150 1012 male

142 1038 283 1093 anteactae
301 1030 371 1089 ritae
393 1029 640 1098 detestationem,
657 1030 890 1109 eorumdemque
904 1042 1091 1109 peccatorum
1104 1053 1150 1095 sa·

144 1115 352 1177 eramentalcm
371 1113 603 1185 consessionem,
627 1114 703 1175 illud
728 1116 1010 1192 etiampostulare,
1036 1126 1070 1178 ut
1096 1135 1151 1198 per

140 1199 257 1278 jejunia
270 1243 278 1267 ,
290 1199 505 1277 eleemosynas,
520 1199 686 1270 orationes,
701 1199 797 1260 atalia
812 1201 975 1274 spiritualia
983 1203 1052 1263 vitoe
1060 1220 1150 1282 opera

142 1285 254 1345 divinae
260 1282 382 1359 justitiae
388 1282 597 1343 satisfaciamus
608 1305 615 1341 :
627 1301 746 1342 omnem
754 1284 834 1344 enim
844 1284 1148 1363 iniquitatem,porva,

141 1385 291 1446 magnave
311 1367 365 1437 sit,
382 1374 433 1427 out
451 1367 488 1427 ab
501 1368 566 1444 ipso
580 1367 764 1445 poenitente,
784 1376 836 1425 aert
861 1367 877 1426 ia
905 1370 966 1428 ileo
983 1370 1151 1431 vindicante

143 1453 254 1532 puniri
273 1451 423 1528 oportere3
439 1452 497 1512 nisi
518 1449 642 1530 igituria
668 1453 732 1510 Deo
752 1451 853 1527 puniri
869 1452 1011 1527 velimus,
1037 1451 1068 1511 id
1090 1470 1152 1513 non

145 1536 239 1596 aliter
249 1535 342 1594 vitare
356 1552 408 1595 nos
417 1554 500 1614 pesse
513 1580 521 1608 ‚
536 1533 625 1613 quiam
638 1536 662 1596 si
677 1535 733 1610 ipsi
750 1553 803 1593 tros
816 1535 984 1612 puniamus.
1000 1536 1070 1609 Quae
1085 1540 1153 1615 qul·

144 1621 217 1682 dem
235 1618 367 1680 doctrina
378 1621 403 1680 si
417 1628 587 1681 constanter
603 1620 785 1698 populorum
801 1619 908 1679 animis
924 1620 1106 1692 inculcetur,
1121 1630 1152 1682 et

140 1704 313 1766 infidelibus
323 1703 452 1782 denique
462 1704 521 1766 alte
531 1704 696 1765 imbibatur
708 1748 716 1775 ,
730 1702 829 1765 minias
843 1703 975 1783 profecto
986 1705 1151 1768 verendum

140 1791 219 1862 erit,
241 1791 343 1866 nequi
364 1787 534 1869 profligatos
550 1807 648 1849 mores
665 1788 853 1866 abjecerint,
875 1808 908 1851 ac
927 1809 981 1869 per
992 1809 1152 1852 sacramen·

140 1876 235 1936 talem
248 1875 458 1936 consessionem
477 1884 654 1954 peecatasna
676 1876 825 1948 cluerint,
845 1894 906 1936 non
921 1876 1021 1937 eadem
1037 1887 1152 1957 peccata

141 1961 254 2037 uelint,
272 1960 425 2021 atterenda
449 1962 546 2022 carnis
571 1961 825 2038 concupiscentia,
854 1978 908 2039 per
921 1960 1072 2037 jejunium
1100 1980 1151 2022 ex·

142 2047 237 2126 piare.
257 2045 425 2118 Praeterea,
451 2045 560 2124 quibua
584 2063 757 2125 persuasum
776 2044 889 2120 fucrit,
909 2061 940 2105 se
962 2052 1151 2123 peccaterum

141 2130 245 2193 minias
254 2130 346 2192 dubie
364 2133 507 2210 poenitdre
519 2177 527 2206 ,
541 2130 609 2193 eiun
628 2150 660 2192 se
676 2131 840 2210 impunitos
863 2149 925 2191 esse
946 2147 1007 2190 non
1029 2130 1149 2202 sinant,

141 2216 165 2277 ii
181 2217 313 2295 proiectd
327 2220 508 2296 poenitentiae
521 2235 623 2278 umore
639 2219 716 2296 capti
733 2261 742 2285 ,
766 2216 945 2277 laetabuntur
958 2260 968 2288 ,
983 2214 1152 2295 Quadrage·

140 2301 240 2361 simali
257 2309 391 2380 tempore
407 2303 583 2380 ⁴ceterisque
605 2305 693 2363 certis
708 2301 835 2378 dicbus,
859 2300 928 2362 ciam
946 2302 976 2361 S.
991 2302 1085 2361 Mater
1096 2303 1162 2387 Ευ-υ

141 2385 232 2446 clesia
247 2385 337 2446 edicit
351 2386 488 2447 fidelibus
502 2386 716 2465 jejunandum,
735 2387 862 2447 oblatam
882 2387 938 2446 sibi
953 2404 1015 2446 esse
1031 2385 1153 2446 occasio

142 2489 230 2544 nem,
250 2471 309 2549 qud
326 2470 430 2549 dignos
445 2473 625 2550 peanitentiae
639 2473 753 2532 tructus
773 2471 882 2530 iaciant
899 2468 1047 2548 :eumque
1066 2469 1152 2528 nullo

143 2574 208 2617 nen
222 2562 357 2634 ternpore
369 2563 504 2634 oporteat
517 2557 645 2617 domitas
661 2553 771 2614 habere
797 2555 1066 2632 concupiscentias3
1081 2552 1153 2610 scri-

142 2649 231 2717 ptum
245 2649 289 2700 est
303 2641 382 2700 enim
396 2662 405 2700 ε
422 2642 490 2702 Post
512 2639 761 2719 concupiscentias
774 2655 835 2698 non
851 2654 899 2695 cas
909 2680 918 2708 ,
930 2645 961 2695 ct
972 2634 989 2694 a
1001 2634 1153 2695 voluntate

143 2736 198 2785 tua
218 2734 351 2786 avertere
373 2747 382 2784 e
403 2726 487 2787 sacild
503 2729 637 2787 animum
659 2723 820 2794 inducant,
844 2720 1038 2781 sacratissimo
1065 2719 1153 2780 totius

143 2809 218 2870 anni
231 2809 417 2887 potissimum
430 2820 582 2891 tempore,
600 2808 732 2889 corporis
741 2800 1005 2886 intemperantiam
1018 2805 1153 2885 mitigare

140 2893 277 2972 jejuni03
292 2903 327 2955 ut
340 2896 438 2956 anima
452 2897 620 2975 cognitione
634 2895 681 2955 sui
693 2894 810 2972 recepta
827 2893 991 2971 intelligat,
1006 2893 1066 2972 qud
1078 2910 1153 2953 centb
1215 2904 1222 2913 ’

142 2979 308 3057 punctione
324 2998 428 3057 parare
439 2999 470 3040 se
483 2981 587 3043 debeat
602 2981 637 3041 ad
656 2979 837 3039 sanctissima
855 2979 1017 3052 Passionis,
1030 2978 1151 3052 Mortis,

67 3098 72 3103 ·
142 3071 176 3122 et
189 3062 420 3124 Resurrectionis
433 3066 502 3125 lesu
519 3065 626 3125 Christi
638 3063 794 3125 recolenda
807 3064 957 3142 mysteria.
974 3066 1076 3143 ltaque
1090 3082 1154 3143 poe·

141 3145 280 3206 nitentioe
298 3147 426 3208 stimulis
443 3149 513 3209 tacti
528 3193 537 3222 ,
561 3148 661 3210 minias
677 3149 834 3209 suavitates
852 3150 1009 3227 exquirant
1023 3152 1054 3209 in
1070 3147 1153 3224 dapi-

140 3234 222 3300 bus,
242 3228 342 3290 minias
364 3240 515 3293 sectentur
544 3234 734 3312 cupediarum
760 3232 901 3306 delicias,
927 3253 993 3312 quae
1018 3230 1153 3312 quamvis

140 3331 213 3374 eum
235 3313 411 3377 abstinentia
436 3317 453 3377 l
477 3318 577 3378 uetitis
603 3319 676 3379 cibis
701 3337 763 3380 non
787 3320 954 3398 discrepare
973 3320 1152 3378 videantur,

139 3409 246 3460 tamen
267 3418 315 3460 eas
340 3403 391 3481 qui
418 3421 526 3464 mensa
552 3414 680 3485 apponat
703 3424 781 3476 suae,
802 3406 889 3465 illum
915 3422 975 3465 nen
1001 3392 1152 3460 immeriti)

138 3478 256 3544 dixeris
268 3528 277 3554 ,
289 3504 351 3547 non
373 3498 434 3549 tarn
455 3491 573 3551 usitatas
592 3491 730 3569 abjecisse
748 3491 885 3570 delicias,
900 3487 989 3566 quarn
1009 3477 1154 3557 cupidita-

142 3571 518 3717 tcnpsuarnXadinusitutas
531 3576 682 3639 illecebras
691 3572 853 3637 traduxisse
866 3594 875 3632 ε
892 3568 998 3711 rniniirpJ
1003 3564 1131 3643 denique
1143 3607 1152 3640 ,

213 3670 270 3714 erar.
323 3698 331 3715 .
474 3700 477 3711 .
526 3672 532 3680 “
