2642 4150
166 201 223 263 urg
393 261 396 265 ,
583 190 738 273 appetiere

168 295 198 354 Si
215 295 306 373 igitur
318 293 366 355 liic
378 293 541 356 Patriarcba
552 292 785 374 daumatusiuit,
797 293 832 355 eb
845 292 924 372 quiid
934 293 1025 354 libros
1035 295 1170 356 nondum
1246 323 1254 334 ¹

167 379 273 438 vetitos
292 379 397 458 legerit
410 424 419 453 ,
433 380 558 457 quisque
570 376 671 436 vidire
683 387 798 454 potest,
818 378 911 454 qualis
930 378 1019 438 luerit
1032 380 1170 439 Orienta-

168 459 242 517 lium
265 479 366 521 sensus
382 464 457 523 circa
480 462 636 522 lectionem
668 461 812 520 librorum
836 460 897 535 jam
923 463 1169 541 proscriptorum.

169 544 253 614 Quod
278 546 349 606 verb
386 547 535 608 ailducont
565 544 723 603 adversarii
749 544 787 603 dc
812 542 983 622 Dionysio,
1014 545 1045 605 id
1074 545 1175 608 multb

170 625 285 703 longibs
311 647 416 690 corum
451 647 565 696 calisam
596 626 749 701 infirmat,
772 626 859 705 quiam
885 626 1015 703 adjuvat.
1044 628 1172 707 Relege,

170 707 295 787 benigne
324 714 438 784 lector,
464 731 528 789 quae
550 712 587 770 dc
614 709 669 770 boc
693 711 820 770 diximus
848 728 913 789 cop.
940 712 986 770 11.
1013 730 1045 771 n.
1066 714 1094 771 s.
1119 712 1173 773 ubi

170 796 324 856 retulimus
337 796 416 874 qnbd
434 795 595 872 Dionysius
609 812 669 853 uon
687 812 773 853 ausus
794 796 832 853 sit
852 795 949 872 legere
967 793 1175 856 baereticorum

171 874 283 950 libros,
304 881 358 939 nisi
370 879 469 940 dirind
490 880 619 950 visione,
640 887 671 937 et
688 896 759 937 voce
777 879 988 953 contirmatus3
1009 890 1039 939 et
1065 879 1174 939 nibilo-

172 959 271 1021 minirs
303 961 435 1022 adbnob
459 963 518 1022 suis
547 961 624 1038 apud
651 960 823 1021 Pontificem
846 971 995 1021 accusatus
1018 962 1095 1034 luit,
1118 964 1172 1039 qui

173 1062 234 1103 non
262 1047 360 1107 omisit
385 1063 454 1106 eum
475 1046 512 1106 de
535 1043 592 1104 boc
621 1043 857 1121 reprehendere,
879 1043 1107 1123 prohibuitque,
1134 1064 1173 1106 ne

173 1130 280 1190 deinde
303 1129 469 1206 hujusmodi
491 1129 645 1189 lectionem
667 1138 904 1205 prosequeretur.
927 1130 999 1188 blira
1018 1133 1090 1189 res!
1111 1133 1175 1207 pri·

174 1215 231 1273 mis
259 1214 317 1272 illis
344 1213 474 1273 Ecclesia>
496 1213 631 1280 soeeulis,
652 1213 768 1289 quando
794 1213 956 1289 paucissimi
987 1211 1175 1274 habebantur

174 1300 267 1357 Sacrae
276 1290 435 1377 scripture
447 1297 648 1373 explanatores
658 1297 699 1365 ,si
714 1295 760 1354 rel
772 1293 936 1354 patriarcha
947 1338 957 1366 ,
969 1296 1018 1371 qui
1028 1314 1116 1373 opera
1129 1299 1175 1355 le·

173 1381 262 1457 gisset
287 1381 410 1457 alicuius
436 1381 533 1457 magni
559 1378 687 1437 nominis
711 1378 968 1456 interpretis‚qui
992 1379 1023 1436 iu
1041 1380 1175 1455 aliquem

174 1482 306 1524 errorem
325 1462 490 1532 incidisset,
507 1462 641 1521 scandalo
663 1470 726 1521 crat
748 1461 906 1529 tidelibus,
930 1469 958 1519 et
978 1460 1177 1537 reprebende-

175 1546 284 1618 batur,
306 1556 337 1606 et
350 1546 534 1606 deferebatur
547 1590 558 1619 ,
572 1554 601 1604 et
619 1544 813 1605 damnabatur
827 1564 836 1617 ς
857 1552 888 1602 et
905 1542 993 1602 bodie
1007 1585 1017 1612 ,
1041 1542 1109 1604 ciam
1123 1548 1174 1606 SS.

176 1630 326 1701 Patribus,
353 1637 383 1686 ct
403 1628 504 1688 multis
526 1628 680 1687 affluamus
700 1626 958 1703 explanatoribus,
983 1628 1016 1685 in
1048 1644 1177 1703 quorum

176 1713 313 1789 operibus
333 1709 445 1771 ductilis
459 1753 468 1782 ‚
482 1709 571 1787 quim
584 1711 615 1769 in
638 1708 724 1769 libris
737 1710 940 1769 baereticorum
961 1711 1095 1769 veritates
1111 1713 1179 1770 clu·

175 1795 328 1867 cidantur,
341 1796 533 1864 inveniuntur
544 1792 679 1853 homines
688 1794 843 1868 Ecclesiam
862 1794 1074 1865 criminantes,
1095 1796 1179 1874 quod

176 1880 322 1939 librorum
341 1877 493 1941 erroribus
516 1876 692 1941 insectorum
712 1876 817 1938 oribus
838 1877 899 1936 suis
926 1877 1081 1939 lectionem
1107 1898 1180 1958 pro·

175 1962 302 2023 lribcat!
399 2010 403 2017 .

215 2051 265 2108 lX.
284 2047 397 2126 Scripta
417 2044 536 2108 demum
556 2046 593 2106 ab
614 2044 776 2108 Hormisda
794 2046 878 2107 nobis
899 2047 1031 2125 opposita
1055 2048 1180 2110 minime

81 2195 88 2209 ,
177 2133 285 2195 obsunt
307 2153 315 2192 :
337 2151 396 2192 nan
426 2134 507 2191 enim
541 2132 675 2192 Pontifex
704 2133 839 2208 ignorare
864 2134 960 2208 potuit
991 2133 1180 2192 traditionem

177 2218 329 2284 Ecclesiae,
362 2216 552 2276 conciliorum
593 2233 741 2285 canones,
772 2216 1015 2292 decessorumque
1042 2216 1179 2285 decreta,

177 2316 284 2376 nempe
308 2297 434 2368 Leonis,
466 2298 652 2375 aliorumque
683 2298 881 2367 Pontificum,
908 2308 939 2357 ct
961 2299 1054 2358 molti>
1079 2297 1179 2357 mimis

175 2383 327 2442 decretum
351 2377 463 2442 Geioaii
474 2424 483 2451 ,
504 2381 584 2459 quod
608 2382 732 2458 ipsemet
750 2380 924 2441 Hormisdos
949 2382 1101 2442 incudem
1125 2399 1181 2442 sua

177 2465 362 2526 commendat
379 2466 516 2542 Epistola.
532 2467 596 2542 lpse
611 2466 731 2543 insuper
749 2464 859 2524 ibidem
876 2465 1013 2531 adnotat,
1031 2464 1184 2525 Gennadii

177 2550 270 2608 libros
294 2548 330 2607 ab
350 2548 474 2607 Ecclesia
492 2566 552 2607 uon
570 2549 671 2625 recipi.
698 2551 822 2624 insuper
841 2549 964 2625 ipsemet
984 2547 1114 2629 fidelesd
1135 2550 1181 2607 lc-

178 2634 275 2693 ctiouc
299 2631 445 2692 librorum
475 2631 726 2699 Manichaeorum,
759 2633 943 2708 aliorumque
974 2630 1182 2695 baereticorum

179 2716 367 2792 cnrnpescuit.
396 2713 467 2776 Vide
481 2712 636 2774 Plotinam
653 2713 688 2772 in
706 2713 896 2775 Horinisdom
915 2713 998 2792 opud
1010 2712 1180 2793 Beyeriinie.

186 2798 272 2862 Vcrb.
286 2795 426 2857 Dedecus.
449 2798 534 2869 Quod
553 2808 650 2856 autem
672 2796 846 2858 Hormisdas
865 2799 980 2874 scripsit
993 2799 1181 2869 Possessori,

179 2898 304 2956 ucirrpc,
332 2881 402 2939 Noa
424 2875 547 2959 tepentes
577 2880 740 2959 ircconqiaio
764 2882 797 2939 in
828 2878 944 2958 colpam
966 2880 1105 2951 venirent,
1129 2883 1186 2944 sed

181 2970 331 3040 seqricntcs
343 3005 351 3031 ‚
364 2962 437 3021 illud
452 2964 571 3039 quidem
582 2959 683 3022 scribit
701 2965 764 3022 sine
783 2963 953 3041 praejudicio
975 2962 1184 3039 prohibitionis

180 3047 386 3105 damnatorum
403 3046 559 3107 librorum.
579 3048 723 3119 Fervente
733 3047 982 3123 Constantinopoli
998 3048 1102 3124 magni
1116 3065 1187 3117 con·

180 3128 320 3189 troversid
356 3129 431 3188 eirca
458 3126 606 3190 Gennadii
622 3129 759 3199 librum,
784 3128 860 3188 beat
892 3136 1008 3205 poterat
1028 3132 1187 3192 Possessor

180 3212 336 3290 Episcopus
365 3229 434 3271 cum
456 3213 573 3290 legere,
597 3213 651 3272 etsi
679 3215 806 3272 novisset
829 3213 1027 3287 damnatum3
1049 3214 1187 3290 quando-

180 3295 300 3373 quidem
319 3297 475 3361 coucilium
493 3294 718 3372 Carthaginensc
730 3297 776 3372 (ut
797 3296 884 3372 supra
905 3296 1042 3372 diximus)
1057 3314 1116 3354 non
1129 3298 1188 3361 diri

181 3377 249 3438 ante
260 3378 436 3439 celebratum
452 3423 460 3450 ‚
478 3379 668 3449 decreverat,
685 3398 766 3455 posse
780 3380 934 3461 Episcopus
949 3379 1046 3455 legere
1061 3379 1188 3438 damna·

181 3472 227 3521 tos
245 3463 337 3522 libros
356 3461 561 3522 baereticorum
583 3480 638 3540 pro
655 3466 841 3535 necessitate,
862 3474 891 3524 et
913 3472 1038 3541 tempore
1049 3485 1060 3521 .·
1072 3465 1190 3540 quanto

183 3546 276 3621 magis
296 3545 388 3623 igitur
406 3546 502 3623 legero
527 3554 642 3624 poterat
656 3550 826 3618 Possessor,
853 3556 1003 3626 tempore,
1025 3564 1085 3624 quo
1108 3549 1191 3614 liber
