2642 4150
379 229 382 234 ·
439 169 666 270 roccataliata.
683 206 781 288 Caput
794 205 840 267 il.
1099 209 1137 270 97

129 323 191 384 tur,
203 316 386 391 urgeretque
397 308 425 369 id
435 307 574 385 inprimis
583 309 823 386 vigilantissimus
832 306 960 385 iprensis
966 307 1136 388 Episcopus,

128 397 201 459 daim
218 414 274 475 pro
287 395 390 457 debito
405 392 494 454 officii
508 393 554 452 sui
567 437 576 462 ,
589 402 687 453 etsua
700 410 769 470 erga
781 392 859 453 beati
877 394 956 453 Petri
969 391 1137 455 cathedram

129 481 336 545 observantia,
354 478 392 538 dc
405 476 539 537 Ecclesiae·
556 477 611 537 sibi
632 477 807 537 concreditae
824 483 903 536 statu
919 477 957 537 ad
972 478 1138 539 Romanum

128 564 303 624 Pontificem
321 561 488 631 rescrebat,
510 560 740 639 ponendumque
756 559 878 622 omuind
899 578 962 621 esse
983 569 1045 621 tam
1068 578 1139 639 pro·

128 650 197 708 lixae
208 647 387 710 dubitationi
403 644 494 705 linem
507 646 686 721 gravissimis
706 646 824 715 verbis,
847 664 880 706 ne
892 646 1058 707 rationibus
1070 664 1138 725 pcr-

129 731 267 791 suaderct
280 752 289 789 :
304 727 436 791 Clenteas
449 730 528 789 ΧΗ.
543 729 574 789 id
589 730 730 806 temporis
744 732 893 790 Romanus
906 731 1061 803 Pontifex,
1085 730 1138 808 qui
1153 797 1156 802 ,

129 816 173 875 rci
189 816 386 892 gravitatem,
402 812 505 890 quanti
526 814 702 890 oportebat,
722 814 898 884 aestimaret,
912 832 1001 876 sacrae
1009 817 1141 895 Congre-

130 900 242 977 gationi
266 899 450 958 eminentiss.
473 897 675 957 Cardinalium
697 899 819 959 Concilii
836 899 920 959 Trid.
939 900 1138 977 interpretum

131 983 164 1042 in
180 983 325 1043 mandatis
335 982 439 1051 dedit,
461 989 495 1040 ut
514 982 552 1040 de
575 988 636 1040 tota
658 984 855 1043 controversia
878 983 1034 1061 diiigenter
1055 1000 1140 1045 more

132 1083 191 1125 suo
209 1074 405 1144 cognosceret.
422 1067 457 1124 ln
473 1083 508 1124 re
528 1065 627 1141 itaque
650 1066 722 1125 tanti
753 1067 896 1126 momenti
921 1066 1023 1127 volens
1038 1066 1139 1126 cadem
1253 1087 1257 1096 ⁴

134 1166 216 1208 sacra
225 1150 415 1228 Congregatio
429 1147 518 1226 quim
532 1147 747 1209 accuratissime
769 1149 950 1226 procedere,
978 1150 1141 1211 commissa

25 1281 28 1286 .
131 1234 192 1294 sibi
209 1236 387 1312 cognitionis
398 1234 518 1294 initium
533 1233 570 1292 ab
591 1233 745 1310 exquisitis
762 1235 888 1295 aliorum
906 1254 1023 1313 quoque
1047 1235 1139 1312 belgii

132 1318 346 1397 Episcoporum
366 1317 578 1387 relationibus,
605 1327 694 1393 atque
720 1320 898 1388 sententiis,
919 1336 990 1397 quas
1014 1319 1142 1395 desuper

133 1402 286 1478 explorari
298 1402 401 1479 sategit
409 1446 418 1476 ,
434 1401 596 1479 petendum
606 1395 708 1476 duxit,
723 1401 1026 1479 codemquetempcre
1038 1402 1143 1462 audire

136 1486 237 1544 soluit
247 1493 410 1562 praestantes
424 1486 536 1563 aliquot
549 1484 638 1561 hujus
647 1486 733 1545 almas
742 1486 825 1545 urbis
840 1484 1002 1564 'l'bcologcs
1014 1530 1022 1557 ,
1033 1486 1141 1564 quibus

136 1567 291 1645 injunxit,
305 1578 338 1629 ut
357 1569 596 1645 romanamet,
622 1570 682 1648 qud
704 1570 805 1646 dccet,
824 1571 994 1630 maturitate
1015 1569 1142 1631 discute·

134 1662 227 1726 rent,
245 1671 386 1732 suamque
400 1655 573 1733 opinionem
593 1654 773 1731 proferrent.
787 1657 826 1715 At
844 1655 917 1715 dum
934 1655 995 1716 baec
1014 1651 1142 1714 ntaximd

133 1728 313 1815 egeritntur,
333 1738 584 1816 supersedendum
605 1740 782 1817 peraliquot
793 1757 907 1802 menses
919 1740 976 1800 luit
992 1739 1030 1799 ab
1041 1739 1141 1799 istius·

131 1821 217 1882 anodi
232 1840 325 1882 causae
338 1822 542 1906 expeditione,
557 1832 679 1902 propter
694 1826 889 1894 viduitatem,
913 1843 980 1902 quae
991 1822 1142 1884 intercidit

133 1908 275 1965 Romanae
292 1907 442 1980 Ecclesiae,
461 1906 555 1966 donec
569 1906 606 1966 ad
626 1908 783 1969 Summum
794 1909 1003 1969 Pontificatum
1017 1906 1142 1966 feliciter

132 2000 253 2051 erectus
278 1992 481 2052 sanctissimus
499 1994 540 2052 D.
557 1994 598 2053 N.
623 1992 798 2054 Benedictus
817 1996 908 2055 XIV.
932 1994 1011 2052 inter
1032 1987 1142 2069 piimas

133 2076 288 2154 regiminis
304 2077 349 2136 sui
359 2095 445 2137 curas
456 2119 466 2147 ,
479 2095 573 2138 causae
587 2075 676 2152 hujus
694 2078 894 2155 cognitionem
915 2078 1009 2154 repeti
1028 2075 1142 2153 jussitd

133 2169 298 2220 memorata
316 2178 396 2221 sae-ra
411 2162 642 2238 Congregati'one
656 2163 799 2235 Concilii,
821 2179 910 2238 quam
926 2161 1021 2222 voluit
1044 2178 1143 2220 coram

134 2243 279 2304 scbabdri
294 2288 303 2315 ,
320 2253 376 2317 ut,
390 2243 497 2305 auditis
516 2245 819 2307 eminentissimorum
832 2248 952 2306 Petrum
970 2245 1142 2315 sententiis,

135 2329 200 2405 ipsc
214 2326 335 2387 demdm
350 2371 359 2399 ,
383 2326 455 2406 quid
476 2327 532 2388 bac
547 2329 579 2387 in
594 2348 627 2389 rc
640 2331 802 2391 tenendum
816 2332 910 2403 leret,
933 2347 1071 2410 supremo
1088 2346 1143 2389 suo

135 2412 344 2489 pronuntiaret
354 2412 485 2475 oraculo.
499 2411 574 2474 Ctim
586 2414 676 2492 igitur
688 2416 881 2493 congregatio
897 2417 1015 2491 praelata
1028 2414 1083 2474 sub
1095 2413 1143 2471 dic

20 2544 26 2553 .
136 2497 175 2554 t5
188 2494 260 2571 maji
278 2498 424 2556 currentis
439 2498 509 2557 anni
523 2500 611 2564 llll,
624 2515 723 2558 coram
740 2499 898 2557 Sanctitate
909 2516 961 2557 sua
975 2499 1067 2557 fucrit
1088 2495 1142 2554 ba·

135 2578 199 2639 bita
210 2622 219 2652 ,
232 2578 311 2638 idem
324 2582 528 2652 Sanctissimae
542 2584 579 2641 D.
589 2585 627 2642 N.
640 2581 735 2658 spatio
748 2583 847 2656 aliquo
862 2581 1015 2656 temporis,
1030 2579 1143 2638 adrem

136 2680 239 2723 seeum
255 2664 477 2741 expendendam
499 2673 617 2743 accepto
632 2709 640 2738 ,
658 2664 734 2724 hane
745 2682 841 2741 nuper
857 2663 1102 2734 declarationem,
1116 2671 1146 2723 et

137 2747 365 2807 instructionem
377 2750 490 2810 exarari
505 2750 645 2828 pracepit
661 2793 670 2822 ,
691 2748 749 2827 qud
762 2748 854 2807 veluti
878 2749 957 2807 ccrtd
971 2748 1090 2825 regula,
1113 2766 1147 2807 ac

139 2830 268 2901 uormd,
284 2848 387 2891 omnes
400 2833 491 2911 Belgii
505 2835 678 2904 Antistites,
703 2831 821 2909 parochi
835 2874 843 2902 ,
864 2848 1025 2909 earumque
1050 2833 1146 2912 regio·

138 2931 216 2973 nuru
230 2914 429 2991 missionarii,
443 2925 474 2976 ct
485 2917 596 2977 Viearii
613 2918 764 2996 apostolici
779 2915 917 2995 deinceps
932 2916 964 2976 in
976 2915 1145 2995 hujusmodi

139 2998 267 3072 negotiis
281 3001 324 3058 uti
344 2999 481 3063 debcant.

179 3081 282 3143 Primd
297 3083 428 3157 scilicet,
449 3085 529 3163 quod
556 3087 660 3148 attinet
682 3088 718 3148 ad
740 3089 929 3150 matrimonia
948 3087 986 3149 ab
1002 3088 1145 3154 haereticis

136 3165 221 3225 inter
237 3182 270 3224 sc
294 3165 326 3226 in
353 3168 426 3228 locis
451 3169 660 3230 loederatorum
689 3174 829 3235 ordinum
856 3175 990 3236 dominio
1009 3177 1146 3254 subjectis

53 3304 59 3325 ,
136 3247 308 3320 celebrata,
329 3267 390 3311 non
406 3252 520 3312 servatd
541 3253 636 3314 lormd
661 3258 715 3333 pc'r
734 3258 943 3331 Tridentinum
958 3258 1144 3337 praescripta,

137 3330 211 3391 lieet
226 3333 372 3394 Sanctitas
393 3355 446 3397 sua
464 3354 525 3396 non
542 3337 685 3415 ignoret,
699 3341 768 3400 alias
791 3343 822 3401 in
841 3344 954 3402 casibus
971 3339 1145 3419 quibusdam

139 3416 392 3492 particularibus,
410 3429 440 3478 ct
454 3423 574 3480 attentis
595 3429 667 3482 tune
685 3426 825 3501 expositis
846 3422 1092 3486 circumstantiis,
1105 3432 1145 3472 se·

139 3515 224 3556 cram
244 3501 508 3579 congregationem
515 3506 639 3581 ¹(loneilii
652 3526 706 3584 pro
719 3526 823 3568 eorum
836 3507 1016 3577 invaliditote
1026 3515 1147 3574 respon-

140 3584 221 3642 disse
232 3584 338 3661 ,ecqud
354 3597 453 3649 tarueu
473 3600 657 3669 nortpertum
675 3591 808 3663 babens,
824 3590 898 3650 nihil
915 3586 1010 3645 adbuc
1026 3599 1147 3662 genera·
1241 3578 1251 3599 ⁴

950 3670 993 3728 9..
