2642 4150
512 193 750 275 reformatorum.
1077 203 1136 265 667

134 296 157 361 l.
171 303 200 362 6.
214 319 246 361 n.
259 300 327 360 tot.
347 296 523 357 affirmatur.
541 297 598 358 Sed
614 316 695 360 6666
710 298 778 361 vide
798 299 852 374 id,
870 302 951 380 quod
972 302 1112 365 dieitur
1102 324 1135 366 m

132 384 334 445 haeEditione
351 398 436 440 num.
453 379 553 440 citato.

169 469 269 541 Quaen.
284 467 381 526 XXll.
401 467 447 524 66
470 465 603 542 Episcopi
620 468 733 543 possint
748 425 900 529 absolvere
917 468 955 530 ab
968 488 1137 533 exeommu-

132 552 280 613 nicationo
301 568 371 619 eos,
401 550 453 627 qui
470 557 661 611 tentaverunt
688 551 842 612 extrahere
870 555 1074 633 delinquentes
1099 558 1136 617 ab

131 634 423 734 6666666666666.
437 637 483 695 De
492 632 696 718 pmoalepnan
710 639 776 699 XX
779 639 866 698 Vm
882 640 1061 702 affirmatum
1079 652 1133 702 est

132 715 190 784 Sed
205 742 285 785 nune
301 720 475 866 ‘oppositum
497 722 658 824 tenendum
676 741 744 783 oum
762 715 925 805 6696666,
943 726 995 804 qui
1015 726 1048 787 id
1068 744 1136 805 pro·

132 809 200 885 bat3
217 808 285 867 vide
337 825 353 865 6

169 894 269 966 Quaen.
282 891 391 951 XXlll.
414 890 449 949 ln
470 890 552 967 praxi
572 891 815 952 confessariorum
839 894 950 954 dieitur
977 897 1049 975 cap
1075 893 1133 956 ult

132 998 165 1039 6
175 978 245 1037 687.
260 975 425 1051 Episcopo,
440 991 603 1052 eorumque
621 976 761 1052 delegatis
778 994 910 1037 concessa
932 996 995 1038 esse
1014 980 1135 1039 laeultas

133 1059 324 1140 impertiendi
345 1060 561 1137 indulgentiam
581 1059 953 1139 plenariaminlirmiseam
966 1064 1135 1141 petentibus

134 1148 169 1207 in
189 1144 314 1204 articulo
333 1146 457 1217 mortis,
477 1144 646 1204 addendum
665 1144 702 1202 ad
722 1142 777 1203 hoo
788 1164 927 1223 requiri
943 1155 977 1205 ut
996 1147 1132 1225 Episcopi

132 1228 210 1291 hono
237 1228 402 1289 facultatem
421 1226 438 1287 6
456 1246 574 1288 summo
593 1221 739 1288 Pontilioe
771 1230 977 1306 expostulent,
1004 1239 1035 1291 et
1057 1231 1135 1291 obti-

133 1321 236 1377 neunt

170 1400 269 1473 Quaer.
284 1396 392 1457 XXlV.
406 1397 439 1455 ln
453 1394 589 1456 examine
604 1393 888 1455 Ordinandorumo.
904 1396 954 1457 98.
973 1396 1084 1457 dicitur
1097 1415 1133 1457 ex

133 1483 261 1545 Robrica
277 1483 414 1542 illicitum
432 1498 494 1540 esse
512 1481 543 1539 io
557 1480 643 1539 missa
660 1478 800 1538 adhibere
818 1480 922 1540 vinum
935 1479 1015 1558 quod
1030 1477 1136 1558 incipit

134 1583 270 1630 acescere.
283 1566 410 1626 Adverte
425 1565 466 1624 ibi
483 1565 562 1643 quod
582 1563 717 1623 additum
733 1572 788 1623 est.
817 1605 827 1613 -

173 1652 270 1725 Quaer.
292 1652 386 1711 XXV.
406 1654 440 1708 ln
465 1648 569 1709 eodem
586 1650 687 1708 Eram.
711 1666 744 1707 6.
766 1649 835 1708 666.
858 1648 984 1720 dicitur,
1008 1645 1134 1708 dubium
1228 1665 1233 1673 ·

134 1754 194 1797 esse
207 1754 245 1795 an
262 1735 300 1794 sit
321 1733 482 1812 probabilis
497 1735 619 1811 opinio,
636 1732 716 1810 quod
732 1732 879 1810 celebrare
896 1736 960 1793 sine
975 1748 1060 1793 66666
1073 1748 1134 1791 666

133 1823 172 1881 sit
189 1820 324 1880 mortale.
339 1818 395 1879 Sed
411 1838 445 1880 66
466 1814 612 1878 maturids
629 1818 795 1896 perpensi,
809 1836 889 1877 nune
909 1818 978 1877 satis
1000 1815 1135 1892 probabi·

133 1906 170 1966 lis
187 1903 261 1963 mihi
283 1902 419 1977 videtur,
443 1901 511 1962 edm
542 1904 621 1961 inter
639 1904 780 1961 Doctores
805 1904 845 1960 sit
868 1901 1054 1976 eommunis3
1080 1916 1135 1959 666

133 1998 246 2050 eertum
260 1985 386 2046 liabetur
401 1987 626 2047 tundamentum
641 1986 673 2044 in
694 1985 873 2062 oppositum.

170 2076 269 2148 Quoer.
282 2073 390 2131 XXVl.
407 2074 452 2131 An
475 2073 550 2132 calix
567 2074 590 2130 si
603 2069 703 2131 66666
720 2071 892 2144 inputetur,
907 2066 1006 2127 66666
1021 2066 1060 2126 sit
1068 2085 1133 2127 eon·

132 2153 347 2221 secrandusll.
361 2157 390 2215 u.
410 2176 443 2216 6.
457 2159 525 2217 570.
536 2153 605 2216 dot.
618 2159 647 2216 6.
663 2151 845 2232 probabilius
855 2171 954 2213 censat
946 2150 1134 2229 novandum

133 2262 201 2304 oum
212 2244 317 2322 Laym.
326 2241 418 2320 Lupo,
428 2247 481 2300 ete.
495 2240 552 2300 Sed
567 2259 600 2299 66
608 2237 714 2299 melius
722 2239 884 2318 perpensi
894 2255 973 2296 nuno
982 2245 1054 2313 puto
1065 2253 1134 2296 oum

132 2327 270 2401 ferrati,
285 2327 376 2385 snor
398 2331 465 2396 666,
488 2322 670 2421 prpbabiliirs
687 2321 797 2382 iterium
816 2323 934 2382 calicem
957 2338 1020 2380 esse
1038 2335 1134 2381 conse·

132 2410 296 2487 emodum3
317 2407 386 2469 vide
402 2407 624 2470 annotationem
641 2406 748 2466 ultimo
761 2405 826 2467 loeo
844 2403 1031 2483 adjunctam
1022 2421 1055 2465 m
1067 2404 1132 2464 loeo

132 2495 231 2575 citato,

486 3028 559 3081 PlillS
577 3030 645 3078 tout
667 3033 775 3076 noctur·
