2642 4150
372 235 376 240 -
437 196 672 261 Pars-secanda.
688 197 788 279 Caput
806 198 853 261 11.
1067 202 1125 267 ¹07

115 296 1126 383 impositumintelligentesltomaniPontificespredecessoresumtri,

114 389 232 469 vigilias
243 386 316 450 boni
330 384 458 465 pastoris
470 382 612 462 perpotub
624 384 802 462 vigilarunt,
815 394 845 445 et
857 381 1125 460 adhortationibus,

115 473 281 541 doctrinis,
292 471 437 539 decretis,
450 469 569 546 ipsaque
580 467 680 528 anima
691 468 758 528 data
770 486 825 547 pro
834 467 940 529 ovib'us
952 471 1013 531 suis
1021 515 1030 540 ,
1038 481 1129 532 sectas

116 568 287 621 extremum
296 554 431 616 Ecclesiae
443 553 566 613 exitium
580 552 750 613 minitantes
762 551 959 632 prohibendae
970 555 1129 633 otpcnitris

117 642 260 705 delendas
281 645 437 699 curarunt.
456 639 516 697 Nec
534 654 571 696 cx
590 637 740 697 annalium
763 638 1023 699 ecclesiasticarum
1045 648 1130 700 retu·

118 734 195 788 stato
213 721 334 787 tantiam
356 721 423 782 erui
443 729 538 800 potest
559 720 717 797 pontificiae
738 720 827 797 liujus
845 722 1052 784 sollicitudinis
1071 741 1130 785 me

118 812 226 876 moria.
250 810 323 882 Quae
347 814 448 868 nostra
471 814 502 866 et
521 806 642 864 Petrum
663 815 833 866 nostrorum
854 816 940 866 oetate
960 817 1039 886 gesta
1058 816 1129 868 sunt

119 897 136 957 it
156 895 297 956 Rotnanis
309 889 524 962 Pontificibus,
548 897 583 947 ut
604 889 789 951 clandestinis
812 888 968 951 hominum
985 891 1129 953 adversis

121 978 274 1041 Christum
295 973 523 1053 malignantium
541 973 627 1034 sectis
641 991 703 1035 sese
725 972 903 1051 objicerent,
923 976 954 1036 id
976 977 1129 1055 perspicue

121 1064 277 1134 evincunt.
289 1060 345 1120 uti
361 1058 444 1120 enim
456 1054 586 1117 Clemens
596 1059 675 1122 XII.
686 1058 880 1137 prodecessor
894 1067 995 1119 noster
1009 1060 1085 1121 vidit
1097 1062 1129 1121 in

121 1147 189 1206 dics
213 1144 388 1204 invalescere
410 1159 576 1219 novamque
594 1141 766 1201 firmitatem
785 1143 936 1220 acquirere
957 1152 1065 1205 sectam
1084 1142 1131 1205 δι’

121 1227 212 1290 liberi
228 1225 393 1303 atttcrotori,
414 1226 475 1287 sive
494 1224 544 1286 dea
564 1223 819 1306 froocsmcpons,
843 1226 904 1285 sive
926 1227 1011 1288 aliter
1029 1227 1131 1307 appel·

121 1315 232 1382 iatam,
255 1329 347 1389 quam
368 1328 429 1371 uon
450 1308 540 1370 modb
563 1319 751 1388 suspectam,
771 1308 875 1370 rcrdm
899 1313 987 1372 etiam
1009 1312 1132 1376 omninb

121 1393 414 1458 entltolicaelicelesiae
424 1393 574 1453 inimicam
589 1393 692 1452 multis
702 1394 883 1471 argumentis
896 1393 977 1454 certb
992 1404 1132 1466 novarat,

122 1498 194 1541 cnm
212 1477 362 1538 damnavit
381 1478 527 1538 luculenta
548 1478 777 1549 constitutione,
798 1477 846 1534 cui
865 1476 984 1536 initium
1002 1478 1042 1537 In
1062 1481 1134 1539 emi-

122 1560 232 1634 nenti,
252 1561 328 1620 edita
348 1571 449 1638 quarto
465 1561 602 1624 calendas
621 1559 714 1640 majas
736 1577 815 1622 anuo
834 1561 922 1623 1758.
945 1558 1029 1640 eujus
1048 1569 1135 1624 teuor

123 1648 153 1710 is
171 1653 217 1706 cst
235 1644 288 1723 qui
304 1643 481 1723 subjicitur:

124 1773 258 1838 Cleaaens
278 1775 443 1858 Episcopatu
463 1778 572 1840 Seruus
594 1779 752 1841 Servorum
773 1776 834 1841 Dei
854 1773 1001 1843 aniccr'sia
1024 1777 1136 1845 Cbmati

234 1858 373 1941 fidelibus
392 1860 519 1924 salutem
539 1860 774 1944 eapostolicam
791 1862 1024 1927 benedictionem.

163 1996 200 2057 ln
225 1995 371 2058 eminenti
392 1997 572 2077 apostolatus
588 1997 706 2078 specula
727 1997 842 2058 meritis
863 1993 934 2056 ttctt
948 1996 1135 2076 imparibus,

123 2079 419 2160 divinadisponcnte
428 2083 583 2144 clementia
593 2127 603 2159 ,
613 2082 765 2143 constituti
777 2125 785 2154 ,
797 2081 882 2159 juxta
892 2080 1038 2143 creditum
1051 2081 1136 2143 nobis

123 2168 280 2249 pastoralis
298 2166 492 2245 providentia
507 2168 661 2244 debitum,
679 2164 743 2246 jugi
762 2166 919 2245 (quantum
938 2184 973 2226 ex
989 2166 1050 2227 alto
1065 2183 1136 2228 eon-

122 2253 252 2332 rcditur)
267 2250 473 2312 sollicitudinis
492 2251 590 2312 studio
611 2252 646 2311 iis
663 2251 866 2324 intendimus,
881 2269 935 2330 per
951 2270 1035 2331 quoe,
1052 2269 1137 2315 erro·

124 2339 212 2400 ribus
230 2336 371 2414 vitiisque
389 2334 472 2396 aditu
492 2336 650 2397 intercluso
663 2379 672 2407 ,
683 2334 853 2397 orthodoxae
863 2337 1025 2414 Religionis
1044 2338 1137 2415 potis·

123 2420 238 2484 simiam
251 2428 386 2480 servetur
399 2421 570 2496 integritas,
588 2429 678 2499 atque
694 2420 731 2479 ab
747 2422 887 2484 universo
900 2420 1043 2482 catholico
1064 2421 1137 2481 orbe

122 2503 309 2575 difficillimis
328 2501 409 2565 hisce
429 2504 612 2583 temporibus
634 2503 894 2582 perturbationum
915 2504 1048 2582 pericula
1066 2508 1138 2581 pr'o·

149 2589 292 2650 citantur.

126 2607 245 2733 pSane
269 2672 319 2732 rel
338 2672 406 2752 ipso
422 2689 545 2735 rumore
562 2671 682 2753 publico
701 2671 857 2731 nuntiante
880 2669 966 2731 nobis
987 2669 1139 2738 innotuit,

92 2770 98 2781 ·
125 2754 218 2835 tange
241 2755 359 2836 latique
383 2758 522 2837 progredi
545 2765 633 2837 atque
655 2756 688 2816 in
704 2755 767 2815 dics
781 2755 958 2817 invalescere
982 2754 1140 2816 nonnullas

125 2842 303 2914 societates,
326 2849 441 2914 emtus,
462 2852 646 2914 conventus,
668 2840 875 2913 collectiones,
897 2839 1140 2920 aggregationes,

124 2943 181 2986 seu
194 2925 397 2986 conventicula
407 2926 497 3006 vulgo
509 2925 552 2987 dc'
566 2923 652 2988 liberi
664 2923 889 3002 mercatori,seu
898 2925 948 2987 dea
956 2925 1138 3008 [ronco-mo·

122 3024 218 3086 paras,
234 3018 285 3070 aut
300 3009 357 3070 alia
376 3012 480 3089 quavis
497 3012 720 3071 nomenclatura
737 3027 793 3090 pro
809 3011 984 3072 idiomatum
998 3011 1140 3075 varietate
1168 3075 1172 3083 ,

123 3102 318 3171 nuncupata,
333 3094 490 3172 inquibus
511 3095 722 3174 cujuscumque
734 3095 886 3175 religionis
897 3104 926 3157 et
942 3104 1028 3159 scetac
1042 3095 1140 3160 bomi-

123 3194 185 3238 ncs
199 3222 209 3251 ,
225 3176 358 3239 affectata
381 3178 508 3258 quadam
528 3181 658 3240 contenti
682 3178 841 3241 honestatis
863 3183 1005 3243 naturalis
1023 3184 1140 3261 specie,

124 3271 212 3322 arcto
231 3260 316 3340 requi
328 3280 361 3322 ac
376 3263 524 3341 impertio
536 3263 813 3325 loedeceseeunddm
831 3266 910 3344 leges
922 3275 951 3327 et
963 3275 1072 3327 statuta
1084 3264 1140 3322 sibi

124 3344 249 3406 condita
263 3346 390 3406 invicem
402 3347 625 3409 consocianturc
641 3366 766 3427 quaeque
778 3350 866 3411 simul
882 3353 957 3412 clam
967 3353 1138 3429 operantur,
1154 3355 1156 3359 ·

124 3437 196 3489 tum
220 3428 356 3491 districto
373 3428 569 3509 jurejurando
590 3430 627 3492 ad
648 3451 727 3494 sacra
747 3433 842 3493 Biblia
867 3434 1056 3512 interposito,
1077 3431 1141 3482 lum

31 3512 34 3581 i
124 3510 267 3591 grauium
286 3531 443 3591 paenarum
464 3516 670 3598 exageratione
689 3515 853 3580 inviolabili
872 3516 989 3578 silentio
1005 3508 1142 3585 obtegere

125 3595 373 3675 adstringuntur.
936 3675 973 3732 40
994 3648 1002 3662 .
