2642 4150
440 200 486 259 De
500 196 673 279 priuibpiia.
690 201 789 279 ceput
801 201 865 260 111.
1092 204 1151 264 446

147 306 241 376 uatis,
254 298 505 381 doluitqumlm..
530 300 587 359 citi
603 298 756 368 subditas,
782 299 816 359 t'at
835 298 949 361 diecesi
966 319 1022 361 situ
1041 321 1093 382 per
1105 321 1150 363 at·

145 394 244 468 specs,
263 394 320 445 utrt
337 382 538 443 vicumumad
561 381 592 441 id
612 381 777 462 specialiter
793 382 1011 461 deputandum,
1028 386 1061 445 ia
1083 386 1150 462 {oro

144 468 329 531 masticatum
351 464 446 546 protis
472 462 638 536 absoluere,
656 465 795 545 impositu
812 465 988 546 penitentie
1007 465 1148 527 solutari.

144 548 228 614 Idem
242 559 270 612 et
282 551 317 610 tn
329 548 449 610 boresio
465 550 586 608 orciniam
598 549 632 607 a'o
649 548 747 608 eodem
755 548 821 627 suro
833 549 1014 612 mmeientioe
1026 551 1067 611 cie
1082 560 1149 612 tun·

147 638 210 699 taim
222 655 285 696 aare
297 652 399 695 eorum
414 632 541 694 Vicaric's
550 634 781 713 sitpermisaum.
796 635 892 706 Quare
902 636 1035 712 Episcopi
1049 637 1151 712 vigore

146 724 217 782 dicti
228 739 291 798 cap.
307 718 410 778 Liceat
425 717 593 794 dispensare
612 727 734 794 possunt
754 719 786 776 in
798 718 936 777 omnibus
950 718 1150 797 irregularita-

146 807 225 866 tibus
244 814 275 864 et
293 801 535 880 suspensionibus
549 801 701 878 papalibus
719 802 842 861 incursis
852 802 890 861 ob
902 802 1040 861 delictum
1051 802 1150 863 occul·

147 899 229 960 tum,
248 896 369 963 excepto
397 884 558 943 homicidio
585 886 768 955 voluntario,
794 886 917 965 aliisque
949 886 1081 947 deductis
1112 885 1150 945 ad

145 973 246 1032 iorum
262 969 487 1031 contentiosum.
513 969 647 1027 Diximus
662 970 700 1028 ob
721 969 862 1029 delictum
882 970 1049 1046 occultum
1071 972 1150 1032 uude

147 1054 227 1115 bend
243 1053 328 1130 ajunt
339 1055 448 1112 Bane.
464 1053 599 1131 Castrap.
610 1047 703 1112 Sallu.
720 1060 773 1111 cte.
788 1051 868 1129 qubd
889 1070 950 1113 non
973 1062 1067 1131 potest
1080 1056 1150 1131 Epi·
1220 1091 1224 1100 -

148 1156 256 1216 scopus
267 1138 367 1213 vigore
379 1136 525 1213 predictae
538 1136 684 1195 facultatis
697 1135 867 1212 dispensare
878 1138 909 1196 in
924 1136 1022 1214 aliqua
1035 1138 1151 1216 irregu-

149 1224 266 1283 laritate
286 1216 397 1280 occulta
415 1237 450 1278 ex
471 1219 603 1294 delectu3
626 1217 693 1278 vide
715 1216 766 1279 tit.
792 1221 822 1279 7.
847 1238 880 1278 n.
900 1222 968 1280 469.
995 1222 1051 1282 nisi
1077 1229 1152 1283 esset

148 1306 258 1375 dubia,
278 1313 313 1362 ut
330 1302 522 1381 probabiliter
544 1311 647 1362 tenent
665 1303 844 1384 Nuptanas,
863 1308 892 1362 et
913 1303 1059 1383 Toamely
1085 1323 1151 1365 eum

152 1388 254 1449 Gibtrt
268 1383 394 1465 aliisque
410 1386 585 1445 deducentes
606 1403 641 1444 ex
657 1403 684 1444 c.
701 1386 826 1464 Nuper,
841 1383 876 1444 de
895 1393 1020 1445 serateat.
1039 1404 1150 1447 excom.

149 1472 212 1531 Sed
238 1471 358 1545 insuper
382 1468 530 1528 absolvere
557 1474 680 1546 possunt
700 1469 836 1546 proprios
863 1468 996 1527 subditos
1023 1470 1070 1527 vel
1099 1488 1153 1546 per

151 1572 212 1625 sc,¹
240 1553 287 1612 vel
314 1545 474 1629 puralium
500 1553 680 1612 sacerdotem
711 1551 746 1611 ad
774 1551 805 1610 id
832 1552 997 1629 specialiter
1028 1551 1152 1630 depute-

150 1647 217 1697 tam
227 1680 236 1708 ‚
248 1634 266 1695 4
279 1635 389 1694 casibus
408 1636 560 1713 papolibus
581 1636 702 1696 occultis
714 1657 723 1711 ;
736 1634 871 1713 quinimo
887 1635 972 1713 juxta
993 1637 1151 1697 concilium

149 1728 288 1800 poterant
299 1727 383 1779 antea
398 1721 488 1779 etiam
506 1720 544 1779 ab
565 1715 669 1781 haercn
687 1719 837 1780 absolvere
862 1720 927 1799 (per
942 1738 991 1793 se,
1015 1735 1075 1783 nou
1098 1738 1152 1801 per

154 1803 320 1882 olias);sed
333 1802 401 1863 ilde
420 1803 546 1863 dicenda
558 1822 591 1863 u.
602 1806 652 1865 58.
683 1855 685 1860 ⁴
1152 1839 1155 1844 ,

189 1928 402 2001 50.-Quuad
418 1927 495 1987 banc
511 1929 626 1988 concilii
645 1930 812 1990 facultatem
834 1931 920 2008 plura
941 1937 1043 1989 notatu
1063 1931 1152 2006 digna

151 2012 359 2073 considerando
377 2021 457 2071 sunt.
472 2013 640 2073 Notandum
655 2016 684 2074 4.
697 2014 775 2092 qubd
790 2016 820 2074 in
835 2015 870 2073 iis
893 2014 979 2084 loeis,
993 2015 1024 2073 in
1046 2013 1153 2091 quibus

150 2097 359 2158 Tridentinum
380 2115 440 2157 non
460 2106 503 2157 est
521 2106 690 2175 receptum,
703 2107 855 2176 nequeunt
870 2097 1003 2174 Episcopi
1025 2098 1068 2155 uti
1083 2114 1154 2172 prce·

149 2182 209 2240 sall
230 2182 366 2240 facultate
378 2199 441 2257 cap.
465 2181 580 2251 liccat,
595 2190 629 2239 ut
646 2192 751 2242 notant
772 2181 969 2242 communiter
983 2182 1047 2241 DD.
1061 2182 1151 2240 Suar.

150 2264 187 2325 de
207 2282 320 2325 marcar.
341 2263 372 2326 d.
395 2267 443 2323 44.
460 2284 491 2325 a.
507 2269 537 2326 6.
551 2265 659 2326 Sorech.
672 2270 741 2327 Dee.
758 2264 778 2326 l.
795 2270 824 2327 2.
838 2285 862 2326 c.
878 2268 926 2326 44.
945 2286 977 2326 o.
1004 2268 1034 2325 2.
1056 2262 1151 2326 Salat.

150 2348 188 2410 de
211 2350 314 2428 poenit.
341 2369 365 2409 c.
387 2352 435 2409 45.
456 2368 489 2429 p.
519 2354 548 2410 5.
565 2371 649 2411 burte.
669 2354 718 2410 50.
735 2353 831 2412 Casta.
856 2359 878 2411 t.
902 2355 932 2410 4.
961 2352 1006 2411 tit.
1021 2354 1051 2412 4.
1074 2349 1105 2411 d.
1120 2353 1154 2411 4.·

149 2452 183 2514 p.
200 2435 232 2492 5.
243 2433 270 2512 S.
284 2437 314 2494 2.
326 2452 359 2493 n.
374 2436 404 2493 2.
416 2452 480 2493 cam
494 2434 587 2495 Barb.
601 2443 629 2494 et
643 2437 730 2494 Gurc.
747 2446 777 2494 et
790 2436 897 2494 merito
910 2457 918 2492 ι
933 2436 1053 2492 facultas
1072 2435 1152 2492 enirn

151 2517 268 2576 concilii
289 2536 349 2577 non
367 2517 508 2594 recipitur
528 2520 564 2577 ab
586 2518 755 2594 Episcopo,
774 2518 829 2574 nisi
849 2535 901 2592 per
927 2517 1154 2592 acceptationem
1198 2576 1200 2579 ,

151 2600 232 2659 illius
253 2621 262 2659 :
287 2608 317 2660 et
333 2601 418 2659 valde
442 2602 637 2677 incongruum
664 2608 756 2670 esset,
778 2610 812 2659 ut
835 2599 860 2659 is
879 2599 994 2659 concilii
1015 2598 1155 2675 gauderet

150 2684 332 2762 privilegiis,
352 2685 403 2761 qui
425 2703 511 2743 onera
532 2684 631 2743 subire
650 2691 808 2742 recusaret.

189 2808 240 2866 54.
263 2841 300 2853 -
316 2809 486 2870 Notandum
500 2811 531 2869 2.
551 2809 607 2869 sub
628 2808 750 2868 nomine
771 2774 982 2887 Episcoporum
1002 2806 1153 2867 communi

151 2992 213 3033 non
227 2973 301 3033 verb
320 2974 444 3036 vicarios
460 2975 671 3052 Episcoporum
694 2993 729 3034 ex
748 2976 877 3053 generali
898 2991 1001 3034 eorum
1018 2976 1154 3035 commis-

151 3056 235 3115 sione
261 3057 440 3133 vicariatus3
466 3077 533 3117 nam
559 3059 687 3118 vicarius
715 3059 790 3119 bend
819 3066 933 3137 potest,
956 3058 1035 3135 qrtod
1060 3068 1155 3137 potest

151 3141 311 3217 Episcopus
325 3149 467 3218 potestate
483 3142 633 3203 ordinarit
652 3144 771 3221 propriu
784 3143 829 3220 (ut
845 3144 961 3202 dicetur
976 3161 1008 3202 a.
1024 3143 1153 3221 57.)non

151 3222 223 3283 verb
240 3224 290 3293 id,
309 3224 389 3301 quod
408 3233 502 3301 potest
518 3226 675 3301 Episcopus
694 3232 837 3304 potestate
856 3227 1003 3304 delegato,
1021 3226 1154 3303 quamvis

151 3306 445 3386 ordinarit‚'utpote
465 3310 578 3367 annexi
601 3310 717 3381 officio,
740 3322 773 3371 ut
792 3312 906 3373 dicetur
929 3331 961 3370 a.
983 3313 1029 3369 54.
1054 3319 1084 3364 et
1102 3308 1152 3361 47.

150 3390 352 3467 Preterquam
365 3392 445 3468 qudd
458 3391 511 3449 bae
521 3392 552 3450 in
566 3393 702 3453 facultate
712 3395 838 3471 requirit
850 3395 1007 3455 concilium
1021 3384 1154 3461 expresse

149 3471 369 3551 delegationem
387 3477 551 3552 specialem.
573 3475 644 3537 Vide
657 3477 766 3538 Sancb.
780 3477 814 3536 de
828 3475 963 3537 'alatrino
976 3473 997 3531 t.
1016 3474 1046 3528 2.
1058 3468 1089 3527 d.
1102 3469 1151 3525 40.

149 3559 257 3618 mlii.
280 3557 689 3636 doloremsummum,
717 3561 817 3620 etalii
841 3563 891 3638 qui
919 3553 1154 3696 ipsisdicllouttn

952 3659 993 3696 0„
1158 3660 1162 3667 .
