2642 4150
411 216 415 224 ·
444 201 490 263 De
500 197 676 282 priviiepit's.
691 200 790 281 eopia
806 202 842 264 V.
867 285 870 292 Δ
1083 211 1139 270 197

125 313 158 377 id
176 317 251 373 esset
264 326 319 388 pro
334 303 449 365 duabus
461 349 470 376 ,
484 312 535 364 aut
546 302 642 363 tribus
656 299 790 376 vicibus,
806 309 840 364 ut
850 303 954 365 dicunt
967 303 1136 382 Nucerina,

22 399 23 452 ἶ
124 393 285 465 Barbara,
304 390 431 459 Diona,
457 384 723 459 salmanticenses,
751 387 881 465 aliiquc3
904 397 956 448 aut
977 389 1138 458 dummodo

125 479 302 540 ordinarius
318 493 380 536 non
406 480 540 534 maneret
563 471 662 543 inibi,
681 480 711 530 et
735 471 889 550 religiosus
909 472 1015 552 uliquis
1042 485 1136 538 trans·

22 627 23 632 ,
128 572 239 624 oranter
268 561 309 621 ibi
338 564 434 627 cssetc
459 558 528 634 quia
556 563 628 616 tunc
644 562 740 632 potest
759 554 802 614 illi
828 554 973 633 parochus
989 557 1137 622 licentiam

21 633 22 658 ¹
124 646 286 708 concedere
312 641 510 723 praedicandi,
531 637 577 700 uti
595 640 736 699 concessit
750 638 910 718 Greporins
926 641 1022 702 XIII.
1040 640 1134 705 Salen.

125 728 326 790 itinerar.
343 724 468 799 Quando
483 733 582 784 tamen
606 722 780 783 Ordiuurius
805 724 922 783 venium
941 727 1134 805 concederet,

125 813 280 892 religiosus
301 809 379 871 vaiet
393 809 559 869 concionari
581 807 613 867 in
632 806 797 886 parochiis,
812 808 901 867 ctiam
917 810 1135 871 contradicente

21 921 22 924 ¹
126 896 275 976 parocho,
293 904 324 956 et
341 894 410 974 quia
428 891 605 953 ordinarius
624 900 668 950 est
680 889 800 969 parocbi
816 893 969 970 superior3
980 895 1089 972 etquis
1103 896 1134 956 id

125 982 185 1041 suit
205 979 338 1059 expressi
360 993 528 1042 concessum
543 993 597 1055 per
610 973 813 1040 Alexandrum
829 978 886 1039 tv.
906 973 999 1040 Salat.
1018 985 1056 1038 tr.
1082 982 1132 1041 18.

78 1203 84 1208 .
127 1083 157 1125 θ’
170 1065 446 1221 iigfiguaqeiiiur
463 1148 508 1218 1.,
523 1141 627 1207 utrium
653 1143 738 1204 liceat
755 1143 942 1222 regularibus
964 1147 1132 1209 concionari

20 1301 25 1312 ³
128 1232 346 1293 contradicente
366 1232 532 1309 Episcopo?
550 1228 676 1302 Quando
706 1234 776 1287 sunt
796 1228 899 1288 alienae
924 1231 1079 1307 Ecclesia,
1101 1241 1132 1293 et

127 1316 284 1395 Episcopus
301 1317 338 1376 ab
353 1315 437 1374 initio
454 1313 571 1374 reniam
584 1311 732 1388 denegat,
753 1312 855 1389 procui
871 1312 963 1374 dubio
975 1333 1035 1375 non
1051 1317 1129 1376 licet.

127 1398 185 1460 Sed
207 1400 231 1460 si
254 1401 412 1478 Episcopus
426 1398 489 1475 jam
504 1397 691 1458 concessisset
712 1396 883 1466 licentiam,
903 1399 1022 1458 scinde
1044 1401 1133 1459 venet

126 1500 195 1543 cam
209 1501 369 1556 rcvoeme,
393 1494 444 1543 aut
461 1484 484 1543 si
509 1483 642 1543 Ecclesiae
664 1488 761 1541 essent
772 1481 921 1557 propria,
942 1482 1044 1542 dicunt
1056 1486 1133 1561 Pey-

128 1565 235 1641 rians,
252 1569 326 1650 cho
336 1615 345 1645 ,
360 1564 578 1634 Pellizzarins,
595 1562 726 1626 etSnlm.
748 1581 814 1623 cccrn
827 1562 948 1634 Diana,
962 1573 1015 1626 cto.
1036 1565 1076 1628 ib.
1099 1584 1130 1627 n.

127 1653 196 1713 181.
210 1670 292 1732 posse
308 1653 477 1732 praedicare.
490 1650 546 1712 Sed
566 1649 635 1709 huic
646 1650 742 1709 obstat
756 1648 878 1727 quadiu
890 1649 1064 1712 Tridentino
1076 1660 1133 1710 sta·

126 1738 222 1799 tuitur
237 1755 307 1799 aeas.
320 1738 370 1798 91.
381 1756 407 1798 c.
424 1738 467 1797 ie
482 1732 585 1796 nullas
595 1731 767 1806 accentoris,
784 1732 845 1793 sire
861 1731 1132 1814 repnlnrt'scontra·

126 1818 236 1881 dicente
258 1820 404 1901 Episcopo
423 1818 584 1901 predicare
600 1825 772 1899 presumat.
785 1818 888 1879 Obstat
904 1820 1025 1898 insuper
1050 1821 1130 1881 bulla

128 1904 343 1986 GreporiiXV.
356 1900 567 1978 inscrutabili,
583 1905 613 1963 in
628 1921 686 1981 qua
708 1904 866 1974 statuitur,
880 1904 1077 1982 Episcopum,
1096 1913 1131 1964 ut

125 1988 291 2067 delegatum
314 1990 477 2066 apostolicae
499 1987 602 2056 Sedis,
631 2005 715 2065 posse
741 1988 848 2066 punire
875 1988 1045 2066 religiosos,
1077 1989 1132 2067 qni

125 2071 158 2135 in
172 2073 279 2136 alienis
292 2069 427 2134 Ecclesiis
440 2090 563 2134 saturnin
574 2069 711 2133 ordinant
726 2090 787 2132 non
805 2071 899 2152 petite
919 2069 1128 2144 benedictione,

125 2159 257 2238 antipae
273 2155 499 2231 contradicente,
510 2156 671 2235 predicare
681 2156 933 2238 presumpserint.
944 2156 1000 2216 Sed
1015 2173 1131 2234 respon·

125 2243 194 2305 dent
208 2239 452 2303 Sulneenticeaccs
463 2287 471 2313 ,
484 2241 564 2321 qubd
585 2251 644 2303 tarn
660 2242 798 2322 predicta
815 2243 912 2315 bulla,
929 2240 1017 2320 quim
1032 2242 1129 2303 conci·

124 2328 202 2389 lium
218 2328 384 2407 accipienda
403 2330 463 2388 sint
473 2327 556 2406 juxta
572 2328 623 2398 id,
643 2328 723 2405 qaod
743 2331 882 2389 statuitur
902 2329 932 2388 in
947 2330 1128 2389 clementina

124 2412 248 2473 Dudum
268 2411 354 2490 supra
385 2414 470 2472 citata
490 2457 498 2484 ,
516 2412 574 2491 qud
601 2411 776 2490 prohibetur
802 2413 981 2490 praedicare,
1011 2411 1128 2490 quando

123 2498 263 2574 praedicat
276 2499 433 2576 Episcopus
447 2542 455 2566 ,
471 2506 521 2557 aut
544 2497 661 2569 quando
676 2497 847 2555 solemniter
861 2514 958 2555 coram
974 2498 1037 2572 ipso
1054 2514 1129 2572 prm·

124 2580 250 2642 dicatum
265 2584 302 2642 Et
320 2583 359 2641 in
376 2582 508 2643 decisum
527 2582 661 2642 reierunt
678 2597 732 2657 per
759 2581 789 2640 S.
806 2582 838 2639 C.
854 2580 1082 2657 Episcoporum‚
1099 2586 1130 2637 et

123 2668 306 2744 regularium
319 2667 367 2727 die
379 2670 418 2728 50
429 2668 550 2726 ianuar.
567 2666 658 2733 1699.
668 2664 745 2742 apud
754 2661 938 2732 Barbosant,
950 2663 980 2720 in
992 2662 1126 2722 Trideut.

125 2766 194 2810 sese.
210 2753 240 2811 b.
260 2770 286 2811 c.
301 2754 331 2814 9.
344 2770 377 2811 n.
393 2754 441 2811 19.
457 2751 530 2813 Cbm
556 2769 611 2831 ego
632 2761 730 2810 tamen
752 2749 948 2809 observassem
962 2745 1127 2809 Barbarum

123 2832 187 2894 loeo
202 2836 310 2911 citato,
327 2838 444 2913 inveni,
466 2835 546 2914 qubd
562 2838 593 2896 S.
607 2838 639 2897 C.
660 2835 818 2895 declaratio
833 2834 923 2893 luerit
942 2832 1127 2896 solummodb

122 2920 219 2992 quoad
229 2922 383 2982 conciones
396 2922 426 2980 in
436 2922 569 2982 Ecclesiis
581 2922 710 3001 propriis
726 2919 907 2998 regularium
919 2940 928 2996 3
940 2919 1018 2980 crude
1030 2920 1126 2998 quoad

121 3001 262 3064 Ecclesias
288 3006 397 3066 alienas
424 3005 498 3067 mihi
528 3025 588 3068 nou
615 3006 733 3067 videtur
764 3003 926 3084 probabilis
960 3006 1126 3086 supradicta

121 3090 288 3165 responsio.

158 3173 445 3249 lib-Quaeritur
457 3179 502 3248 9.,
522 3175 625 3237 utricm
653 3175 813 3254 Episcopus
840 3177 935 3236 valeat
958 3176 1126 3237 examinare

120 3255 274 3336 religiosos
292 3263 553 3337 petentes-veniam
570 3261 760 3322 concionandi
778 3262 808 3321 in
824 3262 956 3322 Ecclesiis
975 3281 1034 3321 non
1056 3277 1126 3339 pro-

120 3340 195 3414 prits
207 3343 313 3404 ?Sacr.
327 3346 437 3424 Congu.
461 3346 540 3424 apud
560 3344 724 3407 Borbosam
741 3343 762 3405 l.
778 3364 802 3405 c.
818 3363 851 3405 n.
868 3348 917 3405 90.
932 3344 980 3404 die
992 3346 1041 3404 19.
1057 3345 1123 3401 lan.

119 3439 199 3484 anno
213 3426 300 3487 1898.
315 3432 417 3490 statuit
433 3429 624 3505 affirmatird3
638 3430 690 3490 scd
702 3438 810 3508 negant
822 3426 914 3490 sitm.
929 3424 949 3487 l.
968 3443 991 3485 c.
1006 3444 1039 3484 n.
1054 3425 1123 3484 186.

119 3523 185 3566 enat
194 3506 375 3590 Pollicerio,
386 3514 540 3588 Burrieno,
551 3513 664 3586 Diana,
676 3517 765 3594 Peyr.
779 3519 831 3571 etc.
843 3531 879 3571 ex
888 3511 967 3571 badia
977 3504 1123 3568 teonisX.

119 3588 274 3675 Srrpcrrce,
299 3597 330 3657 ia
357 3608 567 3676 qcrastatutum
587 3599 659 3672 luit,
674 3605 707 3656 ut
729 3612 817 3677 nemo
838 3595 874 3653 ad
890 3590 1125 3654 concionandum
