2642 4150
350 208 353 209 ν
427 167 505 227 Pars
515 161 652 226 secunda.
660 165 759 246 Caput
768 164 814 225 11.
843 198 849 205 =
1084 169 1124 232 77

115 274 206 337 sconti
227 273 308 334 malo
327 267 418 348 qulam
440 265 660 345 promptissime
680 265 899 327 adhiberemus.
922 266 1030 328 Earum
1052 270 1125 332 verb

116 361 300 419 Litterarum·
316 355 365 414 die
383 352 506 431 septimi
528 351 636 411 mensis
655 351 727 411 Jutii
743 350 905 429 superioris
924 352 994 411 anni
1005 352 1126 414 millesi-

118 444 160 502 mi
181 437 435 520 septingentesimi
453 434 665 512 quadragesimi
678 434 774 511 quinti
784 433 931 494 editarum
943 478 952 506 ,
964 451 1037 513 quas
1051 454 1127 512 prae·

117 527 194 586 senti
218 524 290 584 huic
309 530 418 583 nostrae
436 518 637 583 constitutioni
656 517 827 578 inserendas
842 518 1063 597 existimamus,
1077 518 1126 580 hic

117 618 204 670 tenor
217 616 305 669 erat:

161 718 175 746 tl
195 694 339 770 Suprema
352 687 487 748 omnium
500 685 693 744 Ecclesiamm
703 684 887 757 sollicitudo,
898 693 929 746 et
944 685 1044 749 divina
1056 689 1126 750 issu

119 803 134 833 ι
156 774 265 837 Christi
285 772 422 834 omnium
434 777 584 847 pastorum
598 769 764 846 Principis,
779 768 863 846 cujus
878 772 957 832 vices
974 772 1062 850 plane
1073 774 1128 836 im·

118 887 133 917 ιι
156 866 305 920 merentes
317 858 465 935 gerimus,
477 851 601 912 charitas
615 851 729 913 assidue
740 863 827 931 urget
838 872 912 927 nos,
927 865 961 916 ut
975 875 1032 933 pro
1045 875 1127 918 com·

120 970 134 1001 ι
158 945 247 1005 missa
260 939 402 1002 divinitus
410 937 604 997 imbecillitati
615 946 723 997 nostras
735 938 865 998 universi
877 939 1017 1001 dominici
1030 944 1127 1023 gregis

119 1054 135 1084 ιι
159 1046 232 1088 cura
248 1042 363 1103 semper
375 1022 583 1101 advigilantes,
601 1021 739 1099 perieulis
752 1023 918 1082 animarum
925 1067 936 1098 ,
949 1024 1042 1087 sicubi
1051 1026 1128 1089 forth

121 1124 136 1167 s
159 1108 468 1187 superimpenderint,
491 1122 545 1183 per
565 1123 667 1164 omnes
685 1103 834 1164 christiani
852 1107 931 1166 orbis
948 1110 1071 1186 populos
1094 1129 1127 1172 ee

123 1219 137 1250 ι
161 1195 294 1254 nationes
325 1187 682 1269 opportunh,quant1im
706 1207 773 1248 cum
796 1191 924 1251 Domino
948 1211 1125 1271 possumus,

122 1304 136 1336 ι
160 1294 371 1347 occurramus,
389 1283 478 1357 atque
501 1273 538 1333 iis
557 1271 706 1350 precipue
720 1274 836 1351 regnis,
849 1282 879 1333 et
897 1275 967 1336 locis
986 1279 1127 1354 peculiari

122 1389 137 1419 ιι
161 1361 292 1439 quodam
303 1360 465 1437 apostolieae
477 1366 586 1417 nostrae
599 1356 749 1415 charitatis
763 1357 861 1416 studio
872 1401 880 1427 ,
890 1362 1129 1439 auctoritatisque

122 1472 139 1504 ιι
161 1444 349 1524 providentii
363 1445 569 1513 consulamus,
586 1442 617 1501 in
630 1438 819 1518 quibuscum
832 1439 920 1513 fides,
931 1443 1033 1520 religio
1043 1488 1051 1513 ,
1061 1444 1127 1521 pie·

124 1555 140 1589 a
165 1539 210 1589 tas
225 1525 313 1606 quim
332 1525 456 1587 maxime
472 1525 618 1598 floreant,
634 1524 757 1585 callidus
772 1523 894 1584 humani
911 1527 1025 1604 generis
1037 1525 1129 1587 hostis

122 1639 138 1669 ιι
163 1613 272 1674 nocere
289 1610 423 1671 fidelibus
439 1610 512 1672 ddm
531 1619 633 1688 aperto
659 1609 737 1670 hello
762 1609 917 1687 desperat,
935 1629 989 1689 per
1007 1612 1128 1673 insidias

120 1724 136 1758 a
160 1697 302 1768 molitur,
323 1698 355 1756 in
374 1697 512 1774 angelum
532 1696 644 1755 scilieet
668 1712 730 1755 sese
751 1694 824 1755 lucis
843 1695 1075 1776 transfigurans,
1096 1705 1128 1758 et

121 1808 136 1839 ι
161 1781 306 1842 ementiti
326 1779 397 1840 boni
419 1781 515 1858 specie
536 1779 660 1839 incautis
686 1780 831 1848 illudens,
850 1781 906 1857 quai
929 1800 966 1842 ex
985 1792 1048 1844 arte
1066 1799 1130 1843 non

120 1893 135 1922 ιι
160 1867 278 1927 minem
291 1863 370 1942 saaph
381 1864 548 1923 animarum
568 1862 762 1934 detrimenta,
778 1863 866 1940 qulam
890 1881 925 1923 ex
946 1867 1128 1944 aggressione

119 1976 134 2006 ιι
161 1950 607 2026 maniles1a‚esseproventura
627 1948 821 2024 nequissimus
840 1948 1127 2009 veterator-confidit.

119 2060 135 2090 ιι
159 2038 197 2095 ln
215 2031 323 2093 irarum
341 2041 440 2092 autem
451 2031 594 2092 fraudum
616 2049 741 2094 numero
758 2038 981 2109 computamus,
995 2031 1074 2110 quod
1096 2032 1128 2093 iu

119 2146 135 2176 ιι
159 2117 377 2180 florentissimis
390 2117 594 2194 Portugalliae,
606 2124 637 2176 et
649 2117 856 2194 Algarblorum
878 2116 976 2194 regnis
992 2122 1023 2177 et
1039 2117 1129 2177 ditio·

119 2231 134 2262 ιι
160 2201 391 2278 nibus,quibus
403 2218 455 2260 ros
475 2200 628 2260 Antistites
648 2219 762 2261 summa
782 2217 850 2260 cum
868 2201 1053 2262 sacerdotalis
1066 2201 1129 2261 vir·

120 2313 135 2343 ιι
160 2287 236 2347 tutis
267 2294 376 2345 vestrm
396 2284 651 2345 commendatione
678 2284 862 2362 presidens,
885 2294 915 2345 et
943 2287 1049 2363 quibus
1073 2304 1128 2358 pro

118 2397 135 2427 ιι
160 2368 306 2447 singulari
328 2386 397 2446 erga
426 2366 598 2428 catholicam
622 2369 801 2438 Ecclesiam,
826 2378 914 2446 atque
940 2370 1129 2448 apostolicum

117 2481 134 2512 ιι
158 2453 240 2514 hanc
260 2460 389 2512 sanctam
403 2451 510 2511 Sedena
528 2452 710 2514 observantia
728 2453 841 2513 meritae
856 2453 1001 2513 debentur
1012 2452 1127 2526 laudes,

117 2563 133 2595 ιι
159 2554 260 2615 nuper
276 2536 407 2607 evenisse
421 2553 480 2596 non
495 2538 558 2596 sinc
576 2537 689 2614 ingenti
704 2537 793 2595 animi
809 2536 899 2595 nostri
911 2534 1012 2596 dolore
1023 2553 1130 2612 cogno·

117 2649 135 2679 a
158 2622 273 2682 vimus.
287 2643 301 2673 a
317 2620 453 2680 Pervenit
467 2622 547 2681 enim
561 2619 641 2679 haud
657 2621 698 2678 ita
715 2617 828 2697 pridem
842 2618 878 2677 ad
895 2636 980 2678 aures
995 2627 1129 2689 nostras,

115 2703 285 2768 nonnullos
306 2704 430 2769 istarum
457 2705 586 2781 partium
609 2703 799 2763 confessarios
823 2702 893 2761 salsi
919 2702 973 2762 zeli
1003 2704 1131 2782 imagine

114 2787 223 2850 seduci
236 2804 268 2847 se
284 2805 405 2864 passos,
420 2788 471 2847 sed
485 2788 502 2848 b
515 2789 577 2849 zelo
591 2786 754 2848 secunddm
776 2786 927 2847 seientiam
943 2786 1029 2867 longia
1044 2788 1130 2849 aher·

114 2881 245 2943 rantes,
271 2889 438 2948 perversam
466 2873 643 2951 quamdam,
676 2880 705 2932 et
742 2872 933 2951 perniciosam
956 2876 1071 2951 praxim
1097 2877 1129 2937 in

114 2954 281 3016 audiendis
303 2953 410 3015 Christi
427 2956 560 3016 lidelium
585 2956 835 3028 confessionibus,
848 2966 877 3017 ct
890 2957 921 3017 in
936 2959 1129 3023 saluberrimo

114 3038 307 3117 paenitentiae
320 3049 501 3100 sacramento
518 3040 768 3112 administrando,
787 3040 925 3102 invehere
938 3052 1024 3122 atque
1041 3048 1130 3107 intro

113 3123 235 3184 ducere
245 3121 383 3199 empisse3,
394 3132 428 3183 ut
442 3123 594 3193 videlieet,
607 3123 632 3183 si
642 3122 718 3183 sorte
730 3124 761 3183 in
773 3127 946 3201 poenitentes
961 3129 1130 3191 incidissent

112 3205 239 3265 socium
253 3206 388 3264 criminis
409 3204 549 3267 babentes
561 3250 570 3279 ,
584 3206 621 3267 ab
643 3207 747 3267 iisdem
760 3211 969 3286 paenitentibus
987 3216 1056 3274 socii
1072 3213 1131 3274 hu·

109 3286 277 3367 jusmodi,
296 3306 347 3348 seu
369 3290 520 3368 complicis
549 3309 657 3352 nomen
679 3292 785 3370 passim
812 3297 1022 3373 exquirerent;
1041 3305 1130 3371 atquc

114 3371 161 3431 ad
191 3370 266 3429 illud
284 3371 341 3431 sibi
359 3375 550 3435 revelandum
563 3394 623 3437 non
637 3375 776 3437 inducere
790 3380 878 3440 mucld
889 3378 1037 3440 suadendo
1048 3393 1129 3434 cona·

111 3462 230 3515 rentur
242 3473 251 3528 3
264 3454 336 3531 sed,
349 3457 427 3533 quod
448 3458 646 3520 detestabilius
662 3469 724 3530 est,
738 3460 910 3523 denuntiati
923 3475 1056 3538 quoque,
1072 3458 1128 3516 uisi

114 3535 318 3611 revelarent,
344 3539 534 3604 absolutionis
564 3543 781 3605 sacramentalis
795 3546 980 3623 negatione,
1008 3537 1128 3617 prorsus
