2642 4150
277 222 284 233 e
378 191 424 249 De
433 186 629 268 prohibitione
640 184 793 249 librorum.
803 188 965 266 Cuputlls.
1119 193 1177 251 953

175 297 206 350 ct
216 285 380 351 bardanicus
387 284 590 361 Muratorius,
604 287 857 364 Batauo-Gustop.
871 290 900 346 i.
915 305 939 345 c.
954 288 1026 345 biit
1036 288 1077 345 sie
1089 306 1177 365 opera

174 390 245 431 sen.
260 366 441 430 Beliurmiui
451 370 570 427 luerunt
591 371 692 427 lectita.
708 366 829 448 Fuhpot
843 370 968 444 tavae
990 365 1132 428 Bellorm.
1150 390 1174 429 c.

174 457 226 515 tt.
253 455 299 513 Sic
320 453 409 511 etiarn
431 453 537 529 scripta
560 452 592 511 S.
619 450 738 512 Tbouue
762 454 883 510 scierunt
902 454 957 509 sub
985 452 1178 512 anathematis

172 538 303 598 fulmine
318 534 471 595 interdicta
492 533 508 593 d
526 536 654 611 quodam
670 536 811 612 Episcopo
830 536 1003 607 Parisiensi,
1016 534 1176 612 Ropuaud.

175 621 199 681 l.
220 640 244 681 c.
267 638 350 694 netto.
371 619 437 677 tto.
451 619 636 696 Quapropter
653 618 806 685 celerant,
822 617 912 677 Pium
928 620 971 678 11.
997 618 1177 677 Francorum

173 721 276 782 regern
314 702 356 761 sie
389 702 538 761 monuisse
574 698 717 761 Corohrm'
754 703 824 761 VII.
863 700 986 769 filiuni,
1022 708 1056 758 ut
1087 700 1178 757 refert

174 784 331 865 lotcuojus
352 828 361 856 ,
386 783 533 855 Obsecro,
564 781 732 845 charissime
753 782 826 861 fitt,
847 792 882 843 ut
908 781 1070 844 doctoribus
1094 780 1178 843 Sedis

171 868 342 949 apostoliae
369 885 481 947 semper
507 887 568 929 uon
587 868 706 942 eredas,-
726 866 822 927 aitarlto
843 866 963 928 iliorum
989 865 1178 948 passionibus

174 951 301 1012 tribuas.
328 952 403 1010 ilino
423 952 525 1010 dieunt
537 998 545 1020 ‚
559 951 639 1029 qubd
660 950 697 1009 ad
717 968 832 1009 errores
847 951 1022 1028 fraudesque
1042 949 1175 1009 vitandas

172 1034 302 1096 omuinb
315 1051 387 1110 opus
408 1044 468 1104 est,
483 1046 517 1095 ut
537 1038 568 1094 in
587 1033 786 1112 prohibitione
804 1034 948 1093 librorum
961 1032 1175 1107 doctorumve}

172 1119 227 1178 alii
246 1135 301 1194 pro
319 1118 387 1194 ipsis
404 1120 578 1187 audiantur,
593 1118 644 1194 qui
657 1135 782 1194 operum
794 1127 932 1176 tueantur
945 1126 1061 1194 partes3
1077 1117 1175 1194 agitur

173 1201 258 1260 enim
273 1199 310 1259 de
327 1217 359 1259 re
381 1203 483 1277 gravi,
500 1199 644 1261 nimicinn
664 1202 701 1259 de
720 1202 795 1259 sarna
808 1202 983 1277 Scriptoris‘,
1003 1209 1033 1259 et
1055 1200 1092 1259 de
1112 1197 1176 1275 ejus

172 1302 237 1344 non
256 1283 312 1342 levi
325 1282 433 1343 damno
446 1294 566 1363 propter
579 1284 736 1343 editionem
752 1284 820 1342 libri
837 1284 898 1359 jam
919 1284 1091 1360 perlectam:
1109 1281 1175 1343 ideo

171 1368 304 1447 pertinet
315 1366 352 1425 ad
370 1368 559 1427 substantiam
575 1367 678 1444 judieii
687 1412 697 1441 ,
712 1377 745 1426 ut
763 1384 832 1427 reus
848 1367 954 1425 citetur
972 1374 1002 1425 et
1017 1366 1173 1436 audiatur,

167 1451 255 1527 juxta
283 1449 413 1525 ipsorum
441 1469 586 1510 canonum
608 1452 830 1529 praescriptum
852 1468 921 1508 nam
940 1449 970 1507 in
994 1448 1175 1508 clementina

170 1530 340 1596 Pastorolis
357 1535 399 1592 sie
417 1534 545 1594 dicitura
563 1532 633 1594 Dici
654 1552 690 1593 ne
709 1537 775 1614 erpo
799 1535 943 1593 sententio
966 1533 1092 1603 oeertdt,
1109 1548 1177 1609 qum

169 1618 196 1677 d
204 1615 336 1695 jaulice...
349 1616 384 1676 io
402 1615 567 1693 absentem,
584 1635 635 1676 iaec
655 1616 777 1677 citatam
796 1614 938 1698 epitimii,
956 1634 991 1675 oe
1007 1611 1176 1675 inauditum

167 1715 417 1779 percenseamus
434 1708 462 1759 et
479 1699 680 1779 indefensum,
697 1719 758 1761 nott
780 1709 897 1761 maturo
913 1697 1112 1779 ftiitjudicio,
1125 1695 1176 1760 sed

168 1781 334 1861 precipitio
348 1780 575 1862 promuipoto?
596 1784 678 1844 idern
698 1779 809 1863 pluries
834 1795 863 1845 et
885 1783 989 1844 sortitis
1002 1825 1005 1830 -
1017 1800 1070 1859 per
1096 1782 1174 1860 leges

169 1864 271 1925 civiles
281 1866 492 1942 proscribitur.
503 1869 570 1926 Non
582 1869 680 1944 potuit
697 1870 787 1945 igitur
798 1869 921 1929 Ecclesia
935 1870 1065 1926 Romana
1077 1876 1172 1925 retra·

170 1956 276 2019 ctare,
302 1949 381 2025 quod
405 1950 451 2007 lex
469 1951 620 2029 gentium,
635 1962 665 2011 et
679 1955 912 2029 Imperatorum,
936 1968 1080 2020 canones,
1101 1951 1173 2009 item

143 2081 148 2085 ,
170 2041 278 2093 natura
290 2075 300 2103 ,
314 2038 345 2090 et
357 2032 419 2110 ipse
432 2035 510 2093 Deus
520 2046 732 2113 praeceperunt.
748 2039 807 2096 Nee
822 2037 907 2096 aliter
918 2078 927 2105 ,
937 2034 1057 2103 dicunt,
1071 2049 1174 2110 seges·

169 2116 244 2176 sisse
272 2116 447 2190 scalmum,
465 2118 496 2175 in
526 2120 649 2178 cotteilio
675 2120 754 2179 enim
774 2121 959 2180 Lateranensi
984 2119 1034 2176 tv.
1060 2115 1109 2174 ubi
1136 2117 1174 2176 de

168 2199 249 2258 libro
264 2196 386 2258 Joattm
402 2201 559 2277 agebatur,
573 2203 625 2279 qui
643 2201 747 2264 brivis
763 2204 947 2272 discesserat,
962 2200 1025 2276 ejus
1038 2198 1173 2261 monaehi

168 2299 227 2362 pro
238 2282 301 2358 ipso
317 2282 409 2343 auditi
423 2285 554 2343 luerunt.
568 2287 602 2343 ln
616 2288 739 2347 coneilio
755 2287 910 2347 basileensi
925 2330 933 2354 ,
949 2284 1016 2344 caim
1029 2284 1172 2344 damnau-
1219 2354 1221 2359 ¹

167 2365 227 2424 dus
236 2365 471 2440 esseteujusdam
484 2367 644 2446 Aupustt'ui
653 2370 746 2437 liber,
759 2375 866 2430 Auctor
877 2371 980 2429 citatus
989 2370 1063 2438 suit,
1074 2385 1172 2444 quam·

167 2446 217 2506 via
228 2446 278 2507 ille
294 2458 393 2525 postea
415 2466 475 2508 nou
495 2452 655 2510 accesserit.
672 2453 784 2509 Pariter
798 2454 828 2510 in
842 2453 966 2510 coneilio
976 2451 1170 2520 Tridentino,

168 2529 313 2606 quoniam
327 2531 457 2608 singulos
469 2534 610 2591 ductores
629 2533 721 2591 citare
737 2533 916 2608 impossibile
940 2540 1021 2598 erat,
1035 2532 1106 2588 sacta
1129 2540 1175 2590 est

166 2612 313 2690 generalis
324 2614 423 2674 citatio
437 2631 490 2690 per
508 2615 638 2673 edietum
660 2632 784 2684 eorum,
799 2615 836 2672 de
858 2631 986 2690 quorum
1008 2612 1093 2672 libris
1111 2629 1173 2689 age·

165 2695 429 2757 baianensem
450 2697 595 2757 similibus
615 2698 729 2756 easibus
751 2698 863 2773 pariter
883 2705 979 2754 actum
994 2701 1049 2752 est.
1157 2770 1159 2775 ,

207 2779 269 2837 XV.
291 2780 508 2856 Respondemus
528 2800 536 2837 ε
555 2782 694 2840 Fatemur
709 2779 849 2857 quidem,
872 2779 903 2837 in
926 2776 1114 2838 damnatione
1135 2779 1172 2840 li-

166 2860 293 2921 lnorum
314 2880 428 2921 errores
452 2872 480 2921 et
494 2863 610 2922 fraudes
632 2864 814 2923 intervenire
833 2880 940 2939 posse,
960 2863 1035 2921 sicut
1054 2862 1085 2920 in
1108 2865 1172 2926 aliis

167 2945 307 3003 omnihus
322 2943 458 3003 humanis
475 2938 594 3023 judiciis
614 2967 623 3005 ε
646 2947 697 3006 sed
718 2947 788 3023 quid
813 2947 909 3007 inde?
932 2945 1078 3024 numquid
1105 2948 1172 3024 ided

166 3026 308 3102 legitimae
321 3029 487 3087 auctoritati
516 3029 640 3090 minime
668 3029 864 3107 parendum?
892 3031 952 3091 liae
978 3048 1070 3090 unam
1102 3033 1172 3093 inde

167 3107 275 3168 deduci
307 3118 423 3187 potest,
456 3112 565 3171 scilieet
591 3113 699 3190 probos
722 3120 753 3171 et
785 3115 895 3191 peritos
918 3114 1081 3192 seligendos
1109 3134 1171 3175 esse
1253 3188 1256 3195 ι

167 3207 303 3253 censores
319 3213 328 3268 ;
349 3203 379 3252 et
395 3193 451 3251 hoe
469 3193 531 3269 jaan
552 3195 590 3253 ab
610 3197 735 3255 Ecclesia
755 3205 919 3272 prestatur.
936 3197 980 3255 Ad
996 3199 1027 3256 id
1049 3198 1171 3256 firman·

167 3272 241 3333 dum
263 3284 378 3352 oportet
406 3273 455 3334 bic
481 3283 596 3336 rectum
631 3295 777 3354 exponere
807 3279 965 3349 ordinem,
993 3297 1052 3355 quo
1074 3280 1170 3336 Eccle-

167 3356 212 3415 sia
239 3357 271 3415 in
302 3356 504 3434 prohibitione
525 3360 671 3420 librorum
700 3360 867 3421 cautissime
898 3362 1040 3436 sugerit.
1064 3357 1171 3416 Primis

166 3440 304 3499 Ecclesiae
331 3442 443 3500 saeculis
460 3441 577 3503 tantdm
601 3441 618 3500 i
642 3445 857 3515 Pontificibus,
887 3443 935 3502 vel
952 3439 1103 3507 conciliis,
1122 3439 1170 3498 vel

166 3523 437 3606 Episcopissoripta
454 3527 617 3604 perniciosa
634 3526 835 3604 proscribendi
860 3543 924 3586 mos
946 3532 1009 3583 crat
1024 3543 1034 3598 3
1052 3521 1169 3582 sedebi
