2642 4150
372 197 419 259 De
433 192 630 278 prohibitione
638 192 793 268 labruscam.
811 194 908 273 Ccpnit
919 196 937 254 i
941 195 976 255 V.
1111 197 1169 259 237

163 298 337 360 damnatum
353 334 362 363 ,
385 291 450 369 ipso
462 288 538 349 laeto
562 288 720 347 incurrunt
736 281 1068 347 excommunicationem
1090 307 1099 347 a
1118 292 1171 367 qui

105 407 110 414 ·
161 392 260 443 autem
277 376 333 444 alia
350 377 388 436 de
406 392 490 433 eausa
511 372 684 436 damnatum
698 371 874 447 legeritrel
893 368 1030 431 hahuerit
1041 413 1050 442 ,
1062 381 1172 447 preter

135 483 142 488 “
163 465 272 547 peccati
297 459 575 529 maraharorum,
590 457 647 516 erit
664 454 766 516 severe
782 453 819 514 ab
834 454 976 533 Episcopo
992 454 1170 531 puniendus.

118 561 123 582 ¹
202 551 285 609 xxt.
304 541 546 621 ‘Congregationis
566 540 658 618 igitur
682 540 790 599 indicis
812 545 876 615 est,
902 548 936 597 ut
956 536 1020 599 sust
1045 537 1173 599 declarat

165 630 315 697 Benedict.
325 630 417 690 XIV.
434 627 466 687 iu
480 626 531 686 cit.
551 625 632 684 hulla
642 620 776 684 Sollicito
786 669 795 697 ,
805 623 833 704 ς.
844 626 873 684 l.
892 624 922 683 in
934 637 1056 684 examen
1068 640 1173 684 vocare

164 701 275 786 libros,
299 714 338 773 de
358 727 488 789 quorum
510 707 712 787 prohibitione
733 708 780 767 uel
802 707 993 785 permissione
1015 706 1172 772 deliberari

164 800 263 861 debet.
285 800 320 857 lu
340 795 397 855 hac
419 793 645 871 congregatione
670 791 769 868 plures
787 791 894 851 adsunt
915 791 1118 862 consultores,
1142 798 1174 852 et

165 884 308 945 relatores
325 879 425 940 selecti
444 896 481 937 ex
499 885 627 953 utroque
643 876 723 935 elero
737 875 866 935 saeculari
880 884 910 936 ct
926 875 1072 952 regulari,
1084 883 1173 954 atque

166 967 269 1045 plures
277 962 445 1024 cardinales
465 959 483 1020 b
507 958 649 1018 Pontihce
666 959 889 1035 Congregationi
911 958 1061 1036 adscripti.
1082 962 1173 1020 Ante-

168 1063 260 1124 quam
281 1049 400 1104 eens'ura
422 1042 459 1102 ad
482 1042 739 1119 congregationem
761 1040 959 1102 Cardinalium
980 1040 1103 1114 seratur,
1116 1042 1173 1104 alia

167 1128 355 1207 congregatio
377 1128 491 1204 privata
514 1125 575 1184 sive
599 1124 808 1202 praeparatoria
827 1123 959 1184 habenda
972 1134 1034 1198 est,
1050 1126 1098 1187 cui
1122 1143 1173 1188 sex

169 1214 307 1272 assistunt
325 1211 527 1281 consultores,
551 1225 619 1266 cum
639 1209 778 1283 Magistro
798 1208 871 1266 sacri
897 1209 1014 1282 Palatii,
1031 1217 1060 1270 et
1081 1227 1174 1274 seere-

168 1296 262 1366 tario,
286 1295 331 1356 eui
352 1293 497 1354 incumbit
523 1300 590 1351 vota
606 1292 809 1351 consultorum
830 1291 995 1369 inscriptis
1015 1293 1171 1368 adnotare,

168 1389 204 1440 ut
221 1379 327 1439 deinde
346 1380 377 1437 in
392 1375 620 1454 congregatione
637 1374 837 1434 cardinalium
853 1373 912 1436 una
925 1389 993 1438 cum
1011 1380 1174 1441 relatorum

168 1482 292 1524 censura
310 1462 406 1524 omnia
428 1462 546 1521 celerat.
569 1460 679 1518 raaeter
699 1458 729 1518 id
753 1458 910 1521 novimime
930 1464 1065 1540 prelatus
1080 1466 1176 1524 Bene·

163 1547 241 1609 dict.
260 1549 347 1610 XIV.
368 1546 396 1627 S.
419 1548 449 1606 9.
471 1541 596 1615 statuit,
618 1551 653 1602 ut
678 1539 747 1604 etim
768 1544 806 1605 de
826 1546 904 1608 libro
926 1547 1025 1625 agitur
1050 1548 1176 1608 auctoris

167 1632 325 1706 catholici,
350 1631 401 1711 qui
419 1632 458 1692 sit
479 1631 602 1707 integrae
619 1627 727 1703 tama,
749 1640 779 1691 et
798 1631 869 1693 clari
892 1632 1044 1706 nominis,
1065 1632 1111 1692 rel
1136 1632 1174 1692 ob

165 1717 243 1778 alios
267 1716 366 1778 editos
381 1714 489 1791 libros,
506 1709 554 1774 vel
574 1712 709 1775 loribub
726 1714 847 1793 ipsum,
867 1717 920 1794 qui
939 1719 971 1778 in
991 1735 1113 1779 eramen
1128 1716 1176 1778 ad·

168 1800 307 1875 ducitur,
332 1809 364 1859 ct
388 1798 470 1859 hunc
494 1798 615 1877 quidem
643 1801 787 1878 proscribi
812 1811 967 1881 oporteat,
993 1822 1054 1876 pre
1082 1801 1174 1864 oculis
1263 1875 1269 1883 θ

168 1881 438 1961 habeaturjamdiri
451 1892 567 1961 recepta
588 1884 769 1945 consuetudo
788 1885 964 1964 prohibendi
979 1887 1109 1958 librum,
1128 1885 1176 1947 ad·

165 1969 246 2048 jectal
269 1970 414 2041 clausula,
437 1971 536 2028 Donec
555 1967 742 2049 corrigetur,
764 1970 789 2029 si
810 1971 909 2030 locum
930 1969 1039 2030 habire
1063 1970 1175 2047 possit3

169 2073 205 2116 ae
222 2052 361 2135 suspensa
381 2052 492 2114 decreti
513 2052 734 2131 publicatione,
751 2062 786 2113 ut
798 2071 844 2114 res
856 2052 940 2114 antei
956 2069 1023 2113 cum
1039 2061 1174 2126 auctore,
1259 2110 1269 2123 ,

169 2139 219 2200 rel
234 2140 328 2200 altero
347 2155 402 2216 pro
423 2153 459 2197 eo
478 2138 725 2198 communicetur.
747 2138 777 2197 Si
797 2139 926 2199 noluerit
943 2137 1111 2211 emendari,
1128 2138 1175 2200 rel

169 2223 271 2284 nullus
294 2227 483 2299 compareat,
510 2219 662 2282 decretum
687 2220 813 2295 edatur,
838 2223 863 2283 si
885 2220 958 2284 verb
982 2222 1174 2300 emendatur,

54 2376 62 2385 ,
168 2308 270 2386 priora
282 2304 400 2367 tantiam
415 2300 590 2382 exemplaria
603 2312 754 2366 vetentur.
766 2308 811 2366 De
821 2317 928 2368 catere
940 2308 1074 2385 sequenti
1085 2305 1112 2387 S.
1125 2309 1174 2369 l0.

169 2390 301 2451 declarat
313 2407 374 2450 non
386 2405 449 2447 esse
462 2405 536 2466 opus
554 2394 688 2448 auctores
704 2390 739 2450 in
755 2389 901 2466 judicium
921 2409 1045 2462 vocare,
1059 2410 1093 2450 ac
1109 2391 1176 2452 ideo

169 2472 297 2535 minime
309 2471 516 2552 improbandas
533 2471 681 2531 librorum
699 2471 913 2549 prohibitiones
928 2474 1067 2533 inauditis
1081 2483 1177 2534 aueto-

72 2597 80 2603 ·
169 2557 255 2619 ribus
272 2558 413 2618 indictass
424 2564 527 2635 optans
540 2552 736 2615 nihilomiuds
748 2556 823 2616 illud
836 2559 868 2617 in
885 2553 1036 2635 pastorium
1047 2557 1176 2629 servari,

171 2658 281 2721 nempe
299 2641 380 2719 quod
391 2639 468 2719 saepb
485 2638 556 2700 aliha
573 2639 677 2699 eudem
698 2640 885 2717 congregatio
903 2641 997 2699 lacere
1009 2641 1175 2715 cousuevit,

170 2735 212 2801 ut·
226 2724 345 2804 quaudo
365 2742 412 2785 res
422 2733 468 2784 est
483 2724 522 2783 de
541 2731 661 2783 auctore
678 2722 822 2783 catholico
839 2723 936 2801 aliqua
956 2723 1032 2784 lami
1048 2725 1176 2802 illustri,

171 2806 295 2888 ejusque
314 2826 388 2888 opus
407 2808 546 2887 (demptis
564 2807 729 2886 demendis)
740 2808 878 2888 prodesse
894 2807 1002 2888 possit,
1016 2809 1063 2869 vel
1075 2822 1178 2875 auctor

105 2906 123 2967 ᾗ
172 2893 330 2967 audiatur,
346 2893 393 2952 v'el
405 2910 484 2954 unus
498 2910 534 2952 ex
547 2892 762 2953 consultoribus
774 2892 960 2973 designetur,
973 2895 1023 2973 qui
1034 2912 1070 2956 er
1080 2895 1177 2960 oliicio

98 2988 113 3035 -ῑ
171 2993 247 3056 opus
265 2976 477 3056 patrocinetur.
499 2975 605 3049 subdit
626 2985 725 3036 tamen
745 2974 773 3056 S.
795 2980 845 3038 ll.
869 2977 945 3039 hanc
966 2981 1098 3059 regulam
1117 3000 1176 3045 non

102 3056 118 3097 Ἀ
170 3076 236 3120 ease
258 3059 479 3133 adhibendam,
504 3059 572 3122 edm
593 3061 700 3139 agitur
717 3060 755 3122 de
780 3060 918 3124 haeretico
940 3064 1038 3143 libro,
1061 3067 1093 3127 in
1116 3086 1175 3144 quo

171 3160 289 3205 errores
310 3145 421 3205 luctor
437 3145 570 3205 cousultb
589 3146 696 3220 tradit,
715 3147 763 3206 vel
787 3144 824 3207 d'e
841 3149 940 3226 aliquo
958 3150 1015 3210 allo
1039 3164 1127 3227 opere
1145 3152 1175 3208 in

156 3244 234 3305 -quo
255 3236 342 3288 rectae
364 3242 484 3288 morum
507 3229 616 3306 regula
640 3230 871 3306 labefactantur,
892 3251 925 3292 ac
946 3236 1026 3297 vitlls
1047 3229 1175 3294 lomenia

171 3311 356 3389 praebentur.
376 3311 491 3372 Deinde
507 3310 601 3385 dicit,
619 3320 652 3372 ut
669 3316 804 3395 ambiguo
820 3317 898 3377 dicta
915 3316 1052 3377 catholici
1076 3308 1178 3392 proha·

87 3457 95 3469 ‚
170 3394 255 3472 tique
264 3396 437 3469 auetorisiu
449 3412 562 3473 oequam
579 3405 692 3474 partem
705 3401 896 3479 accipiantur.
911 3397 1177 3477 Loquendoautem

105 3508 114 3521 ι
170 3474 210 3534 dc
228 3476 314 3536 libris
335 3478 369 3536 iu
389 3479 500 3554 quibus
520 3478 657 3557 dogmata
678 3483 813 3559 religioni
836 3482 883 3539 vel
906 3476 1177 3561 moribus'exitiosa
1267 3481 1271 3484 ⁴

157 3559 348 3705 relpppptapp
357 3604 366 3636 ,
378 3561 489 3640 absquo
509 3580 562 3640 eo,
575 3563 655 3644 qubd
674 3576 777 3627 auctor
798 3581 832 3625 ea
853 3562 1124 3704 refutand2i¹curam
1136 3561 1177 3623 'in
