2642 4150
894 1 935 45 Ι,

176 169 236 233 200
589 169 756 252 Appendic.

180 269 313 333 iunditda
331 271 368 332 nd
380 270 522 333 trutinum
542 289 681 334 revocare
697 294 705 333 z
720 272 885 353 prasertim
898 273 967 337 ciem
981 278 1194 356 experimento

180 365 309 428 constet,
325 373 361 416 cx
383 357 510 435 praeiotis
532 357 631 437 prauis
651 359 843 437 opinionibus
861 363 1066 424 auctoritatem
1088 368 1194 428 Eecic·

179 442 230 501 sioe
245 458 306 502 non
320 438 477 501 minimdm
491 440 860 518 labefactori‚cti1delium
874 454 988 506 mentes
997 447 1193 529 obobscquio

178 526 312 587 Eccieeioe
324 524 546 586 definitionibus
565 526 666 589 debito
680 527 766 590 valde
785 527 895 590 retrahi
908 551 919 606 3
933 547 970 591 ex
992 549 1053 610 quo
1077 533 1193 599 deindc

179 611 211 672 in
230 610 303 670 aiios
322 626 436 671 errores
460 616 561 670 contra
581 608 672 672 fidem
696 622 727 673 et
749 631 846 673 mores
863 612 973 675 misero
992 625 1023 675 et
1046 615 1084 677 de
1109 617 1194 681 sacili

178 695 332 764 incidunt,
347 712 414 753 cum
428 694 571 754 immensa
588 695 757 756 animarum
770 704 877 776 strage.
893 698 934 758 Ac
951 699 1078 778 proinde
1090 720 1194 781 operm

178 779 308 859 pretium
327 778 397 837 duxi
420 778 451 839 in
468 779 618 857 publicam
636 780 734 841 lucem
746 780 1072 845 hancDissertationem
1086 788 1190 862 edere,

178 866 210 926 in
234 881 292 944 qua
314 861 445 943 primdm
472 863 624 924 ostendam
657 867 860 927 necessitatem
884 866 1064 946 prohibendi
1092 872 1192 934 libros

179 967 303 1021 omnes,
324 948 376 1025 qui
403 964 518 1007 errores
540 948 572 1008 in
598 949 728 1025 legentes
746 951 882 1027 ingerere
905 963 1057 1029 possunt:
1079 953 1190 1018 deinde

178 1033 255 1095 hane
268 1032 401 1096 Eccieeitc
414 1032 509 1110 legem
521 1033 638 1092 vetandi
652 1033 744 1094 libros
758 1033 796 1093 ab
815 1032 880 1109 ejus
897 1034 1083 1098 incunabulis
1095 1058 1189 1118 usquc

178 1137 260 1179 nunc
280 1117 451 1177 continuato
470 1133 588 1194 sempor
604 1135 658 1177 usu
670 1117 817 1176 firmatam
833 1117 942 1177 fuisse:
960 1120 1048 1182 tertid
1062 1121 1191 1184 demon-

179 1203 355 1275 strabimus,
374 1198 463 1279 quim
482 1200 646 1278 prudenter
664 1209 695 1261 ct
716 1198 852 1261 ordinate
874 1201 907 1260 in
929 1201 1098 1279 hujusmodi
1116 1225 1190 1284 prc-

178 1287 324 1349 bibitione
353 1303 469 1362 semper
488 1285 612 1344 Ecclesia
641 1285 801 1364 processit,
823 1292 855 1344 et
883 1288 1025 1363 procedit.
1051 1291 1188 1351 Tandem

179 1370 377 1451 quorumdam
399 1369 617 1430 contutabimus
633 1370 736 1430 inanes
755 1366 935 1446 objectiones
957 1370 1184 1445 hereticorum,

178 1454 195 1515 ic
209 1455 316 1533 quibus
329 1453 516 1532 postmodum
528 1451 662 1514 catholici
684 1453 774 1532 aliqui
795 1451 895 1514 minius
907 1455 993 1515 ecrite
1007 1455 1092 1516 eiiata
1103 1475 1188 1533 quee-

178 1540 246 1600 dam
254 1547 322 1599 eunt
330 1538 472 1612 mutuati,
484 1556 550 1615 que
559 1535 668 1597 deinde
679 1536 886 1615 imprudenter
899 1539 931 1599 in
943 1541 1186 1619 vulguamaximu

178 1640 247 1684 cum
261 1622 394 1684 fidelium
406 1621 536 1700 pernicie
549 1621 757 1699 prodiderunt.

598 1806 720 1880 carun
741 1808 766 1866 1.
846 1779 848 1784 ’
950 1827 953 1836 ¹

203 1986 483 2061 Demonstrctur
505 1979 645 2057 utilitas
669 2006 711 2056 ac
735 1983 925 2060 necessitas
944 1984 1165 2086 prohibendi

469 2086 583 2163 libros
600 2090 720 2163 noxiae
736 2090 915 2166 iectionis.

217 2293 241 2349 l.
257 2287 413 2348 iiaereticos
429 2284 564 2346 homines
580 2286 661 2348 omni
680 2286 768 2348 ntodo
780 2297 810 2348 et
827 2288 926 2348 studio
936 2288 1046 2348 eviture
1061 2288 1191 2366 speciale

177 2372 296 2435 Domini
321 2369 493 2431 mandatum
520 2380 585 2448 cst,
613 2379 676 2431 tam
704 2371 735 2430 in
757 2373 851 2432 veteri
874 2372 1046 2450 (Deuteron.
1070 2389 1096 2432 c.
1122 2373 1191 2452 to.)

178 2456 265 2538 quim
282 2456 313 2519 in
324 2473 401 2515 novo
419 2457 607 2517 Testamenta
629 2453 726 2533 (Rom.
748 2459 797 2517 19.
821 2463 850 2516 et
865 2455 906 2517 od
927 2456 1001 2517 Tim.
1023 2474 1089 2537 cop.
1104 2454 1190 2538 uit.).

178 2542 343 2606 Praesertim
358 2542 390 2603 S.
407 2544 539 2603 lotiones
552 2542 668 2619 scripsit
680 2562 689 2601 t
706 2541 741 2602 Si
753 2542 820 2620 quia
833 2543 914 2602 uenit
928 2541 969 2603 ud
980 2559 1047 2617 coc,
1065 2551 1094 2602 et
1110 2536 1193 2605 icccc

177 2626 341 2691 doctricem
370 2645 431 2687 non
456 2624 559 2706 offert,
580 2623 671 2687 nolite
691 2624 814 2704 recipcre
834 2643 901 2685 eum
921 2630 955 2685 iu
970 2624 1112 2699 docuere,
1134 2647 1193 2689 nee

178 2713 236 2773 Ave
248 2708 430 2772 eidixeritio.
447 2713 477 2770 i.
493 2711 600 2771 iocnn.
620 2712 648 2769 i.
662 2710 710 2769 10.
727 2710 878 2787 Sapienter
890 2709 968 2768 onim
981 2709 1097 2770 dixitS.
1108 2713 1192 2771 Pou-

178 2796 247 2858 iuc:
262 2794 355 2856 Verte
366 2812 465 2855 eorum
479 2793 604 2855 motet-m
615 2792 777 2876 proficiunt
790 2793 830 2856 od
842 2794 1038 2873 impietatem,
1052 2802 1080 2854 et
1092 2812 1192 2857 sermo

136 2901 139 2939 ς
178 2897 278 2949 eorum
294 2884 330 2937 ut
353 2896 455 2938 cancer
479 2878 581 2958 acepit.
596 2882 625 2940 2.
644 2878 721 2942 Tim.
736 2880 784 2939 10.
808 2879 883 2938 Hinc
905 2881 1037 2937 loannes
1058 2879 1192 2940 maximi

136 2959 138 2973 '
177 2962 281 3039 sategit
296 2979 327 3020 se
341 2980 443 3029 cavere
460 2961 497 3021 ab
508 2962 638 3031 Ebionc',
654 2961 830 3041 horruitque
843 2961 939 3021 adhuc
952 2962 1091 3021 balneum
1104 3005 1113 3034 ‚
1126 2981 1190 3039 quo

179 3043 345 3107 Cerioticiut
365 3062 434 3104 usus
450 3046 556 3105 iuerat.
574 3046 646 3107 Vide
669 3049 781 3108 Boron.
798 3046 839 3108 u‘d
856 3065 928 3106 onte.
952 3049 1001 3105 tt.
1016 3065 1048 3105 it.
1067 3048 1098 3105 8.
1116 3056 1144 3104 et
1158 3042 1189 3108 ii.

178 3129 288 3190 Eodem
306 3128 395 3188 modo
415 3146 445 3187 se
461 3130 550 3205 gessit
563 3127 748 3210 Poipeorpus
765 3150 830 3189 cum
841 3127 1002 3190 Marcione.
1016 3130 1189 3189 Etiamsi.

178 3211 200 3275 i.
214 3215 244 3273 1.
259 3231 283 3272 e.
299 3214 345 3273 15.
359 3210 503 3273 Eusebius
519 3208 704 3273 Verceiienaia
714 3213 812 3292 potitis
827 3214 904 3272 ioum
920 3212 1038 3271 destitui
1052 3230 1083 3270 se
1091 3215 1192 3289 patic-

179 3298 288 3369 butur‚
309 3295 398 3373 quiam
417 3315 454 3357 ex
468 3296 646 3356 arianorum
668 3299 803 3356 monibus
821 3314 927 3375 panem
944 3297 1086 3374 accipere.
1101 3297 1190 3372 Apud

178 3383 291 3443 Batou.
303 3378 344 3441 od
355 3399 428 3441 cun.
440 3382 508 3441 556.
529 3400 561 3440 ct.
575 3382 623 3440 96.
640 3382 809 3461 Cyprianus
820 3381 941 3458 loquens
954 3379 991 3438 de
1009 3378 1192 3456 quibusdam

178 3465 458 3539 excommunicatis,
478 3465 519 3524 sic
540 3482 609 3524 oves
634 3481 700 3522 suas
724 3465 935 3524 commonuit:
959 3463 1005 3521 Ne
1025 3458 1192 3541 saliaribus

178 3549 273 3611 verbio
288 3568 459 3614 eonsensum
477 3545 567 3627 socii&
588 3546 791 3626 ccttttuotietia,
808 3566 845 3609 ue
866 3566 922 3628 pro
949 3544 1009 3610 iuee
1033 3545 1189 3621 teneti-os,
